2002 3178
213 162 319 213 242
790 158 870 202 DE
902 157 1300 203 DIVINATIONE

214 281 425 351 quidem
472 279 635 351 digna
679 278 908 332 ducant?
970 277 1083 331 Nec
1129 278 1271 330 enim
1316 277 1566 347 ignorare
1613 277 1742 331 deus
1785 295 1876 348 po·

212 357 334 422 test,
373 371 478 422 qua
516 355 693 405 mente
734 352 955 421 quisque
995 351 1081 420 sit,
1118 369 1216 404 nec
1243 350 1448 404 frustra
1479 369 1541 405 ac
1571 350 1686 404 sine
1716 369 1878 404 causa

213 427 338 495 quid
375 427 549 480 facere
590 426 825 496 dignum·
850 426 946 478 deo
986 427 1089 494 est,
1132 424 1274 494 quod
1312 424 1568 477 abhorret
1605 423 1773 478 etiam
1807 424 1876 477 ab

212 499 446 552 hominis
484 499 801 553 constantia.
862 497 962 567 Ita,
1002 497 1048 551 si
1078 498 1334 567 pleraque
1364 497 1575 551 somnia
1604 500 1699 551 aut
1727 497 1878 568 igno-

212 576 401 626 rantur
430 575 525 626 aut
554 573 928 643 negleguntur,
959 574 1053 624 aut
1082 571 1253 624 nescit
1278 571 1381 624 hoc
1404 570 1533 624 deus
1559 573 1654 624 aut
1671 570 1879 624 frustra
1921 585 1942 619 ⁶

214 646 543 699 somniorum
594 646 986 716 significatione
1039 645 1232 713 utitur3
1286 647 1341 697 et
1391 644 1585 697 horum
1627 647 1878 697 neutrum

213 720 267 771 in
314 720 470 772 deum
516 719 680 788 cadit3
725 719 860 771 nihil
906 718 1074 789 igitur
1119 737 1152 771 a
1191 718 1287 771 deo
1327 717 1548 770 somniis
1587 716 1879 789 significari

212 792 487 846 fatendum
526 795 621 845 est.

127 850 209 953 {5216
321 865 464 918 Illud
511 866 674 919 etiam
719 865 956 934 require,
1005 883 1118 933 cur,
1169 863 1215 917 si
1260 864 1387 917 deus
1425 863 1534 917 ista
1569 863 1687 918 visa
1721 863 1878 918 nobis

212 939 524 1008 providendi
556 958 715 993 causa
750 939 855 1007 dat,
885 957 994 991 non
1022 937 1376 1008 vigilantibus
1399 937 1580 1006 potius
1604 937 1694 990 det
1717 955 1878 1006 quam
1903 952 1944 985 ιο

215 1013 615 1065 dormientibus.
679 1010 801 1065 Sive
841 1011 982 1064 enim
1022 1015 1270 1064 externus
1309 1013 1363 1063 et
1401 1010 1732 1064 adventicius
1762 1010 1877 1080 pul-

214 1103 304 1138 sus
353 1086 560 1139 animos
607 1085 986 1139 dormientium
1028 1086 1350 1151 commovet,
1396 1082 1508 1136 sive
1545 1101 1641 1153 per
1679 1100 1736 1136 se
1772 1082 1879 1153 ipsi

215 1159 380 1211 animi
418 1161 721 1225 moventur,
767 1158 879 1211 sive
918 1175 1054 1227 quae
1092 1175 1253 1210 causa
1291 1156 1399 1209 alia
1436 1158 1533 1225 est,
1570 1174 1664 1210 cur
1698 1173 1878 1210 secun-

216 1232 341 1284 dum
381 1232 613 1301 quietem
654 1231 857 1300 aliquid
893 1231 1093 1299 videre,
1145 1229 1348 1299 audire,
1394 1246 1553 1300 agere
1589 1229 1878 1299 videamur,

216 1306 399 1358 eadem
430 1323 591 1359 causa
622 1305 974 1375 vigilantibus
1007 1321 1121 1357 esse
1153 1305 1390 1373 poterat3
1426 1302 1584 1372 idque
1616 1302 1663 1356 si
1691 1305 1880 1356 nostra
1901 1317 1944 1351 1⁵

214 1397 374 1431 eausa
405 1379 459 1431 di
490 1379 776 1432 secundum
810 1378 1043 1447 quietem
1073 1377 1324 1445 facerent,
1354 1375 1706 1447 vigilantibus
1737 1376 1878 1429 idem

212 1452 472 1521 facerent,
516 1451 836 1522 praesertim
883 1469 1002 1504 cum
1044 1448 1375 1519 Chrysippus
1414 1448 1762 1503 Academicos
1799 1467 1878 1502 re-

213 1525 403 1577 fellens
442 1526 710 1594 permulto
750 1524 980 1578 clariora
1018 1526 1072 1576 et
1111 1523 1341 1576 certiora
1379 1539 1494 1575 esse
1533 1521 1697 1592 dicat,
1742 1540 1878 1592 quae

214 1598 574 1668 vigilantibusv
598 1598 894 1666 videantur,
934 1615 1093 1666 quam
1126 1614 1260 1665 quae
1293 1595 1705 1655 somniantibus·
1753 1594 1879 1648 Fuit

214 1671 382 1741 igitur
412 1671 592 1724 divina
622 1670 972 1724 beneficentia
1003 1669 1230 1740 dignius,
1268 1687 1388 1723 cum
1418 1669 1758 1723 consulerent
1786 1686 1879 1722 no·
1900 1683 1946 1716 20

215 1744 322 1813 bis,
361 1745 591 1798 clariora
628 1744 745 1797 visa
783 1745 907 1797 dare
946 1743 1198 1814 vigilanti
1238 1760 1398 1811 quam
1437 1741 1747 1796 obscuriora
1783 1759 1880 1812 per

217 1835 477 1870 somnum.
545 1816 697 1879 Quod
743 1816 994 1887 quoniam
1038 1834 1148 1868 non
1191 1815 1275 1883 fit,
1324 1814 1533 1868 somnia
1569 1814 1750 1868 divina
1786 1822 1882 1884 pu-‘

134 1901 213 1941 127
239 1890 403 1943 tanda
433 1909 542 1943 non
574 1893 712 1944 sunt.
772 1889 888 1942 Iam
920 1907 1046 1943 vero
1080 1888 1205 1957 quid
1237 1905 1370 1958 opus
1402 1890 1485 1940 est
1514 1886 1879 1941 circumitione

218 1967 272 2017 et
318 1963 583 2033 anfractu,
627 1967 690 2017 ut
728 1963 800 2016 sit
836 1962 1091 2015 utendum
1128 1961 1512 2030 interpretibus
1551 1961 1878 2014 somniorum

216 2037 412 2107 potiuS‚
451 2055 612 2106 quam
651 2037 862 2090 derecto
894 2036 1037 2103 dem,
1073 2034 1333 2104 siquidem
1364 2034 1519 2087 nobis
1550 2034 1878 2102 consulebat,
1901 2048 1943 2081 2⁵

219 2109 377 2164 ‘Hoc
414 2110 637 2179 facito,
682 2110 799 2163 hoc
843 2127 918 2162 ne
962 2107 1219 2162 feceris'
1259 2107 1458 2160 diceret
1501 2107 1661 2176 idque
1703 2107 1879 2161 visum

218 2183 468 2253 vigilanti
505 2184 684 2254 potius
725 2201 886 2252 quam
925 2180 1210 2235 dormienti
1248 2180 1434 2234 daret?

132 2257 200 2309 62
327 2256 443 2309 Iam
502 2275 628 2311 vero
691 2256 810 2326 quis
869 2254 1042 2308 dicere
1103 2253 1296 2307 audeat
1354 2261 1482 2307 vera
1533 2252 1714 2307 omnia
1765 2270 1880 2307 esse

218 2330 461 2383 somnia?
539 2329 837 2398 ‘Aliquot
891 2327 1135 2381 somnia
1187 2325 1377 2394 vera',
1432 2326 1608 2394 inquit
1657 2325 1879 2395 Ennius,

220 2402 351 2455 ‘sed
397 2402 605 2456 omnia
649 2419 916 2455 noenum
961 2417 1218 2453 necesse
1257 2399 1394 2451 est'.
1462 2397 1607 2460 Quae
1646 2401 1729 2452 est
1764 2401 1945 2452 tan-³⁰

219 2475 338 2528 dem
375 2475 484 2528 ista
521 2475 830 2529 distinctio?
870 2491 1005 2543 quae
1042 2491 1191 2541 vera,
1230 2490 1364 2541 quae
1401 2470 1544 2524 falsa
1572 2471 1772 2525 habet?
1810 2474 1880 2540 et,

219 2548 265 2600 si
302 2566 429 2601 vera
468 2567 500 2601 a
539 2548 635 2602 deo
676 2548 986 2614 mittuntur,
1031 2545 1172 2598 falsa
1209 2545 1345 2598 unde
1382 2545 1709 2598 nascuntur?
1752 2562 1880 2598 nam

220 2621 265 2672 si
305 2639 366 2673 ea
405 2639 614 2690 quoque
653 2621 845 2689 divina,
886 2619 1012 2688 quid
1049 2618 1439 2672 inconstantius
1475 2617 1608 2671 deo?
1647 2617 1775 2686 quid
1803 2617 1880 2669 in-

219 2693 401 2746 scitius
457 2697 637 2746 autem
686 2697 769 2747 est
814 2711 974 2762 quam
1020 2694 1224 2744 mentes
1270 2690 1581 2744 mortalium
1624 2689 1780 2742 falsis
1827 2692 1881 2742 et

219 2766 560 2819 mendacibus
599 2766 729 2820 visis
769 2765 1069 2820 concitare?
1110 2764 1194 2817 sin
1223 2782 1353 2817 vera
1381 2762 1498 2816 visa
1528 2761 1708 2815 divina
1738 2764 1878 2830 sunt,
1899 2772 1943 2808 ³⁶

217 2838 356 2890 falsa
389 2842 567 2891 autem
600 2843 654 2892 et
685 2839 866 2892 inania
895 2838 1144 2903 humana,
1176 2854 1310 2905 quae
1334 2839 1414 2888 est
1437 2835 1543 2888 ista
1567 2833 1880 2906 designandi

218 2910 451 2977 lieentia,
488 2915 548 2963 ut
586 2912 688 2965 hoc
727 2912 869 2977 deus,
907 2910 1010 2963 hoc
1048 2913 1242 2962 natura
1278 2908 1464 2962 fecerit
1499 2907 1680 2976 potius
1719 2925 1879 2972 quam
