2002 3178
187 167 293 219 170
757 165 838 210 DE
869 166 1272 211 DIVINATIONE

184 286 372 355 adfert,
404 285 675 339 Rhodium
710 286 975 355 quendam
1007 285 1325 340 morientem
1356 305 1449 341 sex
1480 288 1731 358 aequales
1759 305 1848 343 no-

183 360 415 412 minasse
453 361 508 411 et
546 358 762 428 dixisse,
813 358 905 428 qui
942 359 1147 429 primus
1187 378 1394 430 eorum,
1440 361 1532 431 qui
1577 360 1853 431 secundus,

183 433 275 502 qui
314 431 501 485 deinde
540 432 787 502 deinceps
827 433 1121 486 moriturus
1157 437 1312 487 esset.
1387 432 1492 488 Sed
1527 435 1703 488 tribus
1740 453 1852 489 mo-

183 506 264 558 dis
318 508 498 559 censet
550 506 770 559 deorum
823 506 1048 575 adpulsu
1102 506 1346 560 homines
1393 507 1682 578 somniare,
1729 526 1852 577 11110,

183 578 325 648 quod
383 578 666 649 provideat
726 578 934 632 animus
987 579 1103 649 ipse
1155 598 1252 650 per
1305 598 1444 651 sese,
1505 581 1701 652 quippe
1761 581 1854 651 qui
1897 599 1916 631 ε

183 653 402 706 (100111111
441 652 761 723 cognatione
798 655 1067 723 teneatur,
1113 654 1309 723 altem,
1355 654 1497 724 quod
1533 655 1723 725 plenus
1761 659 1853 709 aer

183 725 255 778 sit
299 725 671 779 inmortalium
724 725 1047 795 animorum,
1099 727 1158 780 in
1209 727 1401 797 quibus
1453 731 1733 797 tamquam
1774 727 1854 781 in·

183 799 415 870 signitae
459 802 621 852 notae
666 800 913 853 veritatis
960 803 1277 870 appareant,
1326 800 1512 871 tertio,
1562 801 1705 871 quod
1745 800 1854 872 ipsi

184 873 237 925 di
282 891 403 926 cum
449 872 835 926 dormientibus
882 873 1287 942 conloquantur.
1353 873 1542 944 quue,
1586 877 1648 928 ut
1692 874 1852 929 modo

185 945 314 1015 dixi,
358 946 572 999 facilius
620 946 799 999 evenit
844 946 1308 1016 adpropinquante
1347 951 1543 1017 morte,
1587 951 1650 1001 ut
1687 947 1854 1002 animi
1875 966 1918 999 10

97 1031 150 1070 65
183 1019 367 1072 futura
398 1023 743 1090 augurentur.
795 1019 878 1073 Ex
911 1038 1015 1088 quo
1048 1023 1102 1073 et
1132 1020 1267 1073 illud
1295 1023 1378 1074 est
1402 1019 1628 1091 Callani,
1659 1020 1723 1075 de
1747 1039 1852 1091 quo

186 1095 309 1146 ante
350 1092 480 1162 dixi,
521 1096 575 1145 et
611 1092 886 1146 Homerici
923 1092 1197 1163 Hector18,
1237 1094 1330 1164 qui
1365 1094 1599 1148 moriens
1637 1095 1853 1166 propin-

97 1169 163 1221 31
185 1185 347 1235 quam
393 1165 598 1219 Achilli
647 1169 877 1219 mortem
928 1166 1222 1220 denuntiat.
1296 1166 1486 1237 Neque
1531 1167 1675 1222 enim
1716 1168 1854 1222 illud

182 1240 405 1292 verbum
454 1242 656 1292 temere
706 1240 1033 1293 consuetudo
1085 1241 1515 1311 adprobavisset,
1563 1240 1611 1294 si
1659 1259 1724 1296 ea
1766 1259 1851 1295 res

182 1313 334 1366 nulla
378 1315 521 1365 esset
560 1312 799 1367 omnino:
1876 1333 1917 1366 15

254 1414 686 1486 Praesagibat
723 1415 969 1468 enimus
1006 1415 1255 1470 frustra
1293 1435 1385 1470 me
1423 1414 1538 1487 1're,
1583 1435 1717 1472 cum
1755 1436 1852 1472 ex-

1315 1490 1474 1543 irem
1512 1491 1706 1545 domo.

184 1576 408 1647 Sagire
455 1577 598 1630 enim
644 1577 842 1630 sentire
882 1580 1035 1631 acute
1075 1581 1179 1647 est3
1229 1596 1293 1630 ex
1331 1596 1436 1648 quo
1476 1597 1666 1650 sagae
1704 1598 1852 1649 anuS,

185 1651 311 1719 quia
355 1651 529 1704 multa
574 1650 710 1704 scire
747 1651 959 1721 volunt,
1005 1654 1059 1704 et
1098 1669 1359 1721 sagaces
1399 1651 1528 1706 dicti
1565 1671 1737 1706 canes.
1795 1652 1852 1706 Is

184 1724 372 1794 igitur,
423 1724 515 1793 qui
561 1727 686 1778 ante
726 1724 892 1794 sagit,
944 1743 1105 1794 quam
1144 1725 1329 1778 oblata
1372 1743 1459 1779 res
1506 1728 1611 1796 est,
1659 1725 1852 1780 dicitur

183 1797 508 1868 praesagire,
546 1797 602 1850 id
640 1800 723 1850 est
760 1798 944 1850 futura
982 1801 1107 1851 ante
1147 1798 1359 1852 sentire.
1875 1817 1917 1849 20

99 1883 152 1922 66
293 1870 443 1924 Inest
488 1870 656 1942 igitur
700 1870 759 1923 in
804 1871 996 1924 animis
1041 1871 1372 1942 praesagitio
1412 1871 1739 1926 extrinsecus
1775 1872 1853 1927 in·

184 1944 323 1997 iecta
376 1947 537 2013 atque
590 1944 798 1997 inclusa
850 1945 1121 1998 divinitus,
1194 1944 1280 1998 Ea
1327 1944 1374 1998 si
1419 1944 1620 1999 exarsit
1664 1945 1852 2016 acrius,

184 2017 362 2070 furor
408 2017 735 2087 appellatur,
781 2037 901 2071 cum
947 2037 980 2071 a
1025 2036 1247 2088 corpore
1293 2018 1501 2072 animus
1547 2019 1850 2073 abstractus

185 2090 364 2144 divino
402 2091 663 2144 instinctu
701 2091 1014 2145 concitatur.

256 2194 330 2247 H.
369 2191 488 2246 Sed
533 2193 683 2262 quid
729 2193 934 2247 oculis
977 2194 1201 2247 rabere
1238 2194 1378 2248 visa
1409 2212 1472 2248 es
1511 2195 1851 2266 derepente
1874 2212 1916 2245 25

1289 2267 1703 2322 ardentibus?

257 2326 383 2394 Ubi
432 2339 624 2409 paulo
677 2343 824 2393 ante
874 2340 1130 2410 sapiens
1175 2340 1295 2394 illa
1338 2340 1682 2432 virginalis
1726 2359 1851 2396 mo·

257 2485 313 2540 Ο.
361 2485 589 2559 Mater,
643 2488 1047 2556 optumarum
1095 2487 1298 2541 multo
1347 2415 1851 2543 musstzzffllantlior

1347 2561 1705 2631 mulierum,
1795 2570 1797 2572 ’

257 2629 458 2684 Missa
495 2649 629 2685 sum
669 2633 1156 2701 superstitiosis
1194 2633 1766 2704 hariolatienibus3

257 2705 539 2794 Namque
592 2705 828 2775 Apollo
882 2706 1038 2759 fatis
1090 2706 1304 2761 fandis
1357 2707 1708 2761 dementem
1759 2708 1851 2760 in-

1329 2780 1527 2834 vitam
1564 2780 1704 2834 ciet.

256 2849 562 2922 Virgines
608 2853 833 2905 vere61·
879 2853 1193 2922 aequalis,
1238 2853 1446 2923 patris
1491 2853 1613 2906 mei
1649 2857 1916 2908 meumso

1210 2926 1452 2980 factum
1488 2926 1706 2998 pudet,
