2002 3178
610 142 723 192 ΜΒ.
755 143 789 192 Ι.
830 143 956 190 CAP.
993 151 1032 203 1,
1064 136 1110 193 a
1144 150 1171 200 5
1205 150 1332 191 1-4.
1703 142 1808 197 145

132 271 295 338 atque
333 265 549 321 doctam
586 283 759 336 neque
797 269 912 320 tam
950 266 1222 320 inmanem
1253 269 1473 335 tamque
1502 265 1806 333 barbaram,

133 358 269 412 quae
311 358 423 394 non
469 339 766 411 significari
810 339 997 394 futura
1034 343 1090 393 et
1127 359 1161 394 a
1199 339 1523 410 quibusdam
1559 338 1808 409 intellegi

131 413 470 485 praedicique
519 431 679 484 posse
729 417 958 468 censeat.
1033 413 1305 484 Principio
1343 412 1581 483 Assyrii,
1630 415 1692 466 ut
1737 412 1806 465 ab

131 486 354 542 ultumis
393 487 773 543 auctoritatem
812 491 1069 558 repetam,
1108 490 1333 558 propter
1369 486 1657 557 planitiam
1696 505 1805 539 ma-

86 577 108 610 ⁶
131 561 574 633 gnitudinemque
603 561 903 632 regionum,
934 579 1068 631 quas
1091 561 1416 630 incolebant,
1449 578 1570 614 cum
1596 559 1806 614 caelum

130 653 196 689 ex
233 635 380 690 omni
417 637 573 706 parte
610 638 806 705 patens
837 638 998 704 atque
1030 637 1277 705 apertum
1308 633 1660 703 intuerentur,
1698 636 1806 686 tra-

130 708 386 763 iectiones
423 711 710 777 motusque
748 709 1032 762 stellarum
1071 708 1564 778 observitaverunt,
1611 707 1806 777 quibus

129 782 350 852 notatis,
391 781 520 852 quid
558 782 748 852 cuique
787 782 1197 854 significaretur,
1235 781 1527 835 memoriae
1564 781 1806 852 prodide-

129 859 270 909 runt.
345 854 463 918 Qua
506 855 566 908 in
600 856 821 910 natione
859 855 1119 910 Chaldaei
1155 874 1266 910 non
1303 873 1368 909 ex
1407 855 1564 924 artiS,
1610 854 1705 908 sed
1743 873 1807 908 ex

66 945 106 978 ιο
129 928 309 1000 gentis
355 928 619 983 vocabulo
656 929 923 982 nominati
962 929 1216 983 diuturna
1254 929 1634 983 observatione
1674 928 1807 982 side·

127 1021 248 1056 rum
293 1001 574 1056 scientiam
618 1005 881 1072 putantur
928 1003 1186 1072 effecisse,
1231 1005 1295 1056 ut
1331 1002 1569 1073 praedici
1606 1005 1806 1072 posset,

128 1075 256 1145 quid
286 1075 476 1146 cuique
507 1078 825 1130 eventurum
856 1078 912 1130 et
936 1095 1041 1146 quo
1068 1076 1293 1146 quisque
1316 1076 1433 1130 fato
1462 1079 1624 1130 natus
1650 1079 1805 1130 esset.

126 1149 370 1204 Eandem
416 1152 590 1204 artem
636 1150 802 1204 etiam
848 1149 1109 1222 Aegyptii
1154 1150 1554 1222 longinquitate
1601 1153 1806 1220 tempo-

128 1242 249 1277 rum
277 1223 762 1278 innumerabilibus
786 1242 955 1294 paene
980 1224 1208 1279 saeculis
1233 1224 1507 1279 consecuti
1528 1227 1805 1295 putantur.

63 1314 104 1348 ιε
129 1295 356 1352 Cilicum
417 1300 599 1351 autem
661 1300 716 1352 et
763 1297 1071 1351 Pisidarum
1125 1316 1256 1370 gens
1312 1301 1367 1351 et
1418 1297 1505 1351 his
1558 1298 1807 1352 finituma

126 1370 463 1442 Pamphylia,
502 1371 698 1441 quibus
735 1371 1048 1426 nationibus
1087 1372 1416 1442 praefuimus
1455 1371 1576 1442 ipsi,
1614 1372 1806 1426 volati-

127 1445 228 1499 bus
268 1444 449 1499 avium
487 1445 843 1516 cantibusque
879 1451 941 1499 ut
975 1446 1292 1500 certissimis
1331 1446 1502 1517 signis
1543 1445 1806 1500 declarari

127 1536 213 1572 res
249 1517 462 1572 futuras
499 1521 710 1589 putant,
772 1518 946 1582 Quam
983 1538 1111 1574 vero
1152 1519 1379 1573 Graecia
1410 1520 1679 1574 coloniam
1711 1520 1806 1573 mi·
1837 1529 1863 1569 3

126 1592 200 1646 sit
234 1592 296 1646 in
323 1591 588 1662 Aeoliam,
626 1592 852 1663 Ioniam,
890 1593 1095 1662 Asiam,
1135 1591 1390 1663 Siciliam,
1429 1592 1650 1647 Italiam
1689 1594 1806 1648 sine

62 1681 104 1713 20
124 1665 324 1736 Pythio
379 1668 475 1719 aut
525 1665 820 1720 Dodonaeo
873 1670 970 1721 aut
1021 1667 1341 1721 Hammonis
1396 1668 1652 1722 oraculo?
1710 1669 1806 1722 aut

126 1739 269 1810 quod
315 1739 520 1793 bellum
566 1742 876 1811 susceptum
922 1741 992 1794 ab
1040 1759 1103 1794 ea
1148 1741 1264 1795 sine
1310 1741 1535 1795 consilio
1582 1741 1805 1796 deorum

125 1813 245 1868 est?
318 1811 435 1868 Nec
482 1831 650 1867 unum
698 1831 868 1885 genus
917 1817 1002 1868 est
1047 1814 1394 1868 divinationis
1439 1815 1655 1887 publice
1699 1816 1805 1886 pri·
1836 1816 1868 1869 2

126 1886 403 1957 vatimque
440 1887 788 1941 celebratum
863 1887 1030 1957 Nam,
1075 1891 1138 1942 ut
1177 1889 1428 1942 omittam
1467 1892 1676 1943 ceteros
1714 1908 1806 1959 po·

125 1961 300 2032 ΡιιΙοε,
328 1963 516 2014 noster
547 1979 709 2031 quam
739 1962 915 2016 multa
946 1980 1146 2033 genera
1176 1963 1467 2033 conplexus
1499 1963 1605 2016 est!
1653 1962 1806 2017 Prin-

59 2046 103 2082 25
124 2034 266 2105 cipio
297 2033 456 2088 huius
486 2034 638 2088 urbis
668 2053 865 2120 parens
888 2035 1152 2090 Romulus
1183 2054 1294 2090 non
1321 2037 1499 2091 solum
1524 2036 1803 2107 auspicato

125 2108 314 2162 urbem
343 2107 660 2179 condidisse,
691 2109 830 2163 sed
815 2127 931 2179 1pse
963 2109 1129 2163 ctiam
1161 2113 1415 2180 optumus
1440 2128 1614 2182 augur
1637 2111 1803 2164 fuisse

124 2181 372 2236 traditur.
445 2181 653 2236 Deinde
702 2183 997 2254 auguribus
1047 2186 1102 2237 et
1150 2183 1345 2253 reliqui
1369 2201 1547 2269 ’reges
1593 2185 1699 2254 usi,
1750 2189 1804 2239 et

124 2255 327 2310 exactis
372 2255 593 2327 regibus
637 2255 776 2310 nihil
821 2257 1035 2327 publice
1074 2256 1189 2311 sine
1229 2257 1483 2328 auspiciis
1521 2276 1619 2312 nec
1659 2259 1805 2313 domi

123 2347 222 2384 nec
258 2328 486 2383 militiae
526 2330 829 2401 gerebatur.
898 2329 1139 2400 Cumque
1178 2349 1380 2402 magna
1417 2331 1499 2386 vis
1531 2332 1804 2386 videretur

59 2416 103 2450 ω
128 2420 244 2457 esse
282 2405 339 2457 et
373 2402 734 2473 inpetriendis
765 2405 1210 2475 consulendisque
1248 2406 1410 2459 rebus
1450 2409 1506 2459 et
1539 2407 1802 2460 monstris

123 2476 542 2547 interpretandis
574 2496 635 2532 ac
666 2478 1062 2547 procurandis
1048 2498 1106 2532 m
1127 2479 1475 2549 haruspicum
1502 2480 1802 2551 disciplina,

124 2568 338 2604 omnem
375 2549 516 2604 hanc
554 2569 619 2604 ex
646 2550 874 2605 Etruria
911 2552 1194 2607 scientiam
1233 2553 1577 2623 adhibebant,
1614 2572 1682 2607 ne
1715 2573 1802 2639 ge·

122 2642 225 2678 nus
272 2626 415 2678 esset
460 2624 632 2678 ullum
679 2625 1050 2696 divinationiS,
1097 2626 1240 2696 quod
1276 2627 1586 2714 neglectum
1625 2628 1694 2682 ab
1733 2628 1801 2682 iis

123 2697 407 2752 videretur.
480 2697 557 2752 Et
602 2717 724 2753 cum
769 2699 976 2754 duobus
1015 2700 1190 2754 modis
1230 2701 1398 2754 animi
1437 2702 1552 2755 sine
1591 2702 1801 2756 ratione
1832 2712 1855 2751 4

60 2781 101 2818 *ὁ
124 2773 180 2825 et
215 2771 443 2826 scientia
481 2775 635 2826 motu
663 2772 771 2843 ipsi
801 2790 898 2827 suo
931 2774 1110 2828 soluto
1144 2777 1200 2828 et
1228 2775 1400 2829 libero
1431 2775 1801 2846 incitarentur,

122 2862 229 2900 uno
275 2844 513 2915 furente,
566 2846 740 2901 altero
786 2847 1116 2917 somniante,
1167 2848 1367 2902 furoris
1414 2849 1800 2904 divinationem

122 2915 405 2988 Sibyllinis
449 2920 682 2974 maxime
727 2921 974 2975 versibus
1020 2922 1285 2976 contineri
1323 2923 1576 2977 arbitrati
1615 2942 1799 2978 eorum

209 3011 393 3048 010.1v.
416 3017 447 3048 a
1389 3014 1443 3054 10
