2002 3178
220 155 325 213 180
794 153 875 202 DE
905 153 1306 203 DIVINATIONE

218 297 332 332 esse
382 278 584 331 ductae.
661 276 875 331 Etenim
914 277 1176 347 Aegyptii
1219 280 1275 330 et
1311 275 1600 347 Babylonii
1644 277 1704 331 in
1747 295 1884 332 cam-

217 371 407 421 porum
446 350 748 420 patentium
783 351 1104 421 aequoribus
1133 350 1459 420 habitanteS,
1495 369 1616 405 cum
1646 369 1711 406 ex
1740 354 1885 406 terra

216 425 351 477 nihil
384 425 654 493 emineret,
694 425 837 494 quod
876 423 1319 494 contemplationi
1357 423 1491 478 caeli
1522 424 1735 479 officere
1765 443 1883 495 pos·

218 502 320 567 set,
368 516 582 552 omnem
627 515 809 552 curam
854 497 912 551 in
958 498 1192 551 siderum
1230 497 1538 568 cognitione
1574 501 1886 568 posuerunt,

216 572 432 626 Etrusci
462 574 657 642 autem,
697 571 839 642 quod
869 571 1129 642 religione
1159 571 1336 624 inbuti
1367 570 1660 625 studiosius
1690 574 1746 625 et
1775 589 1882 626 cre·
1927 585 1949 619 ⁵

218 646 366 699 brius
404 645 614 699 hostias
651 645 1026 715 immolabant,
1065 647 1312 699 extorum
1349 644 1646 716 cognitioni
1683 662 1741 698 se
1771 662 1880 699 ma·

217 737 374 772 xume
412 719 741 789 dediderunt,
780 719 1026 789 quodque
1056 721 1282 789 propter
1310 718 1447 772 aeris
1479 717 1888 772 crassitudinem

218 793 281 846 de
320 793 469 847 caelo
508 792 651 863 apud
689 810 780 846 eos
818 792 992 845 multa
1029 792 1246 862 fiebant,
1285 794 1341 845 et
1379 791 1522 861 quod
1559 791 1629 846 ob
1666 791 1887 846 eandem

218 885 435 921 causam
473 866 648 919 multa
684 866 965 920 invisitata
1001 865 1200 935 partim
1239 883 1268 918 e
1306 866 1470 935 caelo,
1508 864 1618 918 alia
1647 882 1711 918 ex
1740 867 1887 919 terra

219 941 552 1010 oriebantur,
603 939 864 1010 quaedam
914 939 1078 992 etiam
1128 957 1192 992 ex
1236 938 1516 992 hominum
1559 937 1885 1008 pecudumve
1910 952 1952 984 10

110 1060 123 1067 -
219 1017 479 1084 conceptu
537 1016 591 1067 et
646 1016 791 1083 satn,
851 1015 1187 1077 ostentorum
1244 1011 1675 1066 exercitatissimi
1725 1011 1887 1065 inter-

219 1091 398 1157 pretes
437 1087 775 1140 exstiterunt.
844 1085 1082 1149 Quorum
1121 1085 1335 1156 quidem
1373 1085 1506 1155 vim,
1543 1087 1606 1138 ut
1642 1088 1704 1139 tu
1742 1085 1884 1139 soles

220 1162 407 1231 dicere,
444 1161 611 1214 verba
647 1160 767 1230 ipsa
797 1160 1087 1230 prudenter
1117 1177 1150 1212 a
1183 1159 1477 1212 maioribus
1508 1157 1689 1229 posita
1718 1158 1887 1212 decla-

219 1238 355 1288 rant.
431 1232 569 1296 Quia
615 1234 757 1287 enim
804 1234 1114 1302 ostendunt,
1167 1232 1516 1302 portendunt,
1565 1234 1887 1302 monstrant,

218 1308 546 1378 praedicunt,
586 1310 814 1376 ostenta,
848 1309 1115 1377 portenta,
1146 1308 1403 1374 monstra,
1432 1304 1682 1377 prodigia
1711 1305 1953 1359 dicun-1⁵

134 1393 187 1432 94
219 1385 322 1435 tur.
384 1380 593 1434 Arabes
633 1383 815 1434 autem
853 1383 908 1433 et
936 1379 1179 1450 Phryges
1219 1382 1273 1432 et
1305 1347 1510 1448 CiliceS,
1549 1378 1692 1448 quod
1727 1381 1889 1448 pastu

218 1455 480 1525 pecudum
533 1472 781 1508 maxume
829 1456 1055 1506 utuntur
1100 1470 1317 1523 campos
1364 1455 1418 1505 et
1463 1454 1675 1506 montes
1712 1451 1888 1506 hieme

220 1532 274 1582 et
305 1531 511 1582 aestate
541 1529 910 1598 peragrantes,
939 1529 1226 1596 propterea
1254 1525 1466 1579 facilius
1497 1528 1684 1579 cantus
1709 1524 1888 1579 avium

220 1605 274 1656 et
303 1603 516 1655 volatus
547 1603 896 1668 notaverunt3
935 1600 1223 1668 eademque
1254 1602 1310 1652 et
1330 1598 1564 1652 Pisidiae
1593 1615 1757 1653 causa
1782 1597 1890 1652 fuit

220 1679 274 1728 et
311 1675 437 1729 huic
472 1677 691 1728 nostrae
722 1672 994 1727 Umbriae.
1056 1672 1194 1726 Tum
1232 1671 1391 1726 Caria
1427 1674 1548 1726 tota
1583 1671 1888 1742 praecipue·
1910 1684 1954 1716 2⁰

221 1767 322 1819 que
360 1748 674 1817 TelmesseS‚
715 1765 846 1816 quos
887 1749 1011 1799 ante
1043 1746 1166 1815 dixi,
1205 1745 1346 1816 quod
1377 1763 1539 1817 agros
1569 1745 1886 1799 uberrumos

221 1822 556 1891 maximeque
593 1820 800 1874 fertiles
838 1820 1094 1890 incolunt,
1130 1820 1188 1872 in
1227 1819 1420 1888 quibus
1459 1819 1632 1872 multa
1668 1820 1889 1889 propter

220 1895 603 1949 fecunditatem
649 1894 784 1964 fingi
830 1893 1085 1963 gignique
1122 1895 1372 1963 possunt,
1413 1892 1472 1946 in
1509 1891 1736 1946 ostentis
1779 1890 1888 1945 ani-

133 2019 203 2123 453
221 1968 627 2104 madggrgengssz
657 1968 789 2094 (1111)Ιὲ
792 1970 964 2094 epltggb
977 1965 1316 2110 ἷὶῗῖἓζὲηωα
1346 2056 1556 2109 quaque
1585 2056 1644 2092 re
1673 2037 1889 2109 publica
1910 2048 1953 2083 2⁵

163 2083 512 2185 5plurimum
566 2113 805 2184 auspicia
858 2116 912 2166 et
963 2113 1172 2182 reliqua
1225 2112 1499 2167 divinandi
1551 2129 1750 2196 genera
1801 2129 1890 2165 va-

222 2189 422 2242 luisse?
485 2187 614 2250 Quis
652 2205 745 2240 rex
775 2205 1029 2256 umquam
1059 2186 1180 2256 fuit,
1220 2185 1339 2256 quis
1375 2185 1622 2256 populus,
1646 2184 1753 2269 ‘qui
1781 2202 1891 2238 non

221 2266 463 2316 uteretur
514 2260 878 2331 praedictione
934 2259 1149 2313 divina?
1201 2276 1373 2329 neque
1422 2258 1599 2312 solum
1642 2257 1701 2311 in
1743 2274 1889 2328 pace,

222 2336 316 2390 sed
351 2335 410 2388 in
446 2335 591 2388 bello
632 2334 803 2387 multo
843 2333 1007 2386 etiam
1045 2333 1236 2403 magiS,
1275 2349 1380 2402 quo
1419 2331 1593 2387 maius
1629 2333 1746 2384 erat
1783 2348 1890 2384 cer-

220 2413 405 2463 tamen
440 2410 497 2462 et
535 2406 820 2462 discrimen
851 2405 1059 2460 salutis,
1127 2405 1334 2459 Omitto
1363 2408 1594 2475 nostros,
1631 2403 1724 2488 qui
1752 2403 1890 2457 nihil
1912 2416 1956 2451 no

221 2483 278 2535 in
326 2482 471 2536 bello
524 2481 638 2534 sine
689 2480 826 2533 extis
877 2482 1067 2551 agunt,
1118 2479 1255 2532 nihil
1302 2479 1416 2532 sine
1455 2477 1706 2549 auspiciis
1745 2475 1890 2531 domi

223 2556 448 2638 [habent
478 2553 762 2624 auspicia];
794 2555 1013 2607 externa
1042 2552 1338 2607 videamus:
1368 2550 1616 2621 Namque
1647 2553 1702 2604 et
1724 2549 1890 2603 Athe-

221 2629 432 2682 nienses
464 2628 712 2681 omnibus
744 2644 955 2696 semper
983 2626 1215 2696 publicis
1238 2625 1476 2680 consiliis
1503 2624 1709 2678 divinos
1735 2640 1888 2693 quos-

222 2703 344 2755 dam
384 2701 710 2770 sacerdoteS,
750 2717 883 2769 quos
921 2698 1143 2769 μάντεις
1180 2702 1388 2768 vocant,
1427 2697 1798 2766 adhibuerunt,
1836 2698 1890 2749 et

220 2773 628 2829 Lacedaemonii
666 2773 882 2843 regibus
922 2773 1032 2827 suis
1070 2790 1328 2843 augurem
1367 2771 1698 2825 adsessorem
1741 2769 1890 2823 dede·
1913 2783 1953 2817 3⁵

221 2851 366 2916 runt,
415 2848 651 2916 itemque
700 2846 915 2899 senibus
963 2845 1067 2917 (sic
1111 2845 1253 2900 enim
1299 2843 1581 2899 consilium
1618 2842 1888 2913 publicum

222 2919 523 2991 appellant)
571 2938 742 2990 augur
745 2938 829 2972 em
874 2919 1133 2972 interesse
1169 2919 1476 2987 voluerunt,
1520 2916 1786 2985 iidemque
1825 2915 1889 2968 de
