<?xml version="1.0" encoding="UTF-8"?>
<!DOCTYPE html PUBLIC "-//W3C//DTD XHTML 1.0 Transitional//EN"
    "http://www.w3.org/TR/xhtml1/DTD/xhtml1-transitional.dtd">
<html xmlns="http://www.w3.org/1999/xhtml" xml:lang="en" lang="en">
 <head>
  <title>
</title>
<meta http-equiv="Content-Type" content="text/html;charset=utf-8" />
  <meta name='ocr-system' content='tesseract 3.04.00' />
  <meta name='ocr-capabilities' content='ocr_page ocr_carea ocr_par ocr_line ocrx_word'/>
</head>
<body>
  <div class='ocr_page' id='page_1' title='image "./dedivinationelib00ciceuoft_0075.png"; bbox 0 0 2002 3178; ppageno 0'>
   <div class='ocr_carea' id='block_1_1' title="bbox 528 118 1839 183">
    <p class='ocr_par' dir='ltr' id='par_1_1' title="bbox 528 118 1839 183">
     <span class='ocr_line' id='line_1_1' title="bbox 528 118 1839 183; baseline 0.01 -16"><span class='ocrx_word' id='word_1_1' title='bbox 528 118 642 170; x_wconf 79' lang='lat' dir='ltr'>Lm.</span> <span class='ocrx_word' id='word_1_2' title='bbox 674 122 733 170; x_wconf 87' lang='grc' dir='ltr'>ΙΙ.</span> <span class='ocrx_word' id='word_1_3' title='bbox 774 122 900 168; x_wconf 84' lang='lat' dir='ltr'><strong>GAP.</strong></span> <span class='ocrx_word' id='word_1_4' title='bbox 936 122 1122 170; x_wconf 68' lang='lat'>17—192</span> <span class='ocrx_word' id='word_1_5' title='bbox 1162 128 1189 179; x_wconf 67' lang='grc' dir='ltr'><strong>ς</strong></span> <span class='ocrx_word' id='word_1_6' title='bbox 1218 128 1408 172; x_wconf 82' lang='lat'><strong>38—45.</strong></span> <span class='ocrx_word' id='word_1_7' title='bbox 1703 126 1839 183; x_wconf 79' lang='grc'><strong>211,</strong></span> 
     </span>
    </p>
   </div>
   <div class='ocr_carea' id='block_1_2' title="bbox 57 241 1895 3038">
    <p class='ocr_par' dir='ltr' id='par_1_2' title="bbox 57 241 1895 3038">
     <span class='ocr_line' id='line_1_2' title="bbox 130 241 1812 316; baseline 0.004 -21"><span class='ocrx_word' id='word_1_8' title='bbox 130 241 362 297; x_wconf 89' lang='lat' dir='ltr'>hibetur.</span> <span class='ocrx_word' id='word_1_9' title='bbox 422 241 563 306; x_wconf 82' lang='lat' dir='ltr'>Quid</span> <span class='ocrx_word' id='word_1_10' title='bbox 599 246 684 298; x_wconf 90' lang='lat' dir='ltr'>est</span> <span class='ocrx_word' id='word_1_11' title='bbox 721 244 906 315; x_wconf 82' lang='lat' dir='ltr'>igitur,</span> <span class='ocrx_word' id='word_1_12' title='bbox 946 245 1090 316; x_wconf 90' lang='lat' dir='ltr'>quod</span> <span class='ocrx_word' id='word_1_13' title='bbox 1128 246 1474 301; x_wconf 84' lang='lat' dir='ltr'>observatum</span> <span class='ocrx_word' id='word_1_14' title='bbox 1513 247 1588 301; x_wconf 89' lang='lat' dir='ltr'>sit</span> <span class='ocrx_word' id='word_1_15' title='bbox 1624 247 1682 301; x_wconf 92' lang='lat' dir='ltr'>in</span> <span class='ocrx_word' id='word_1_16' title='bbox 1709 246 1812 302; x_wconf 86' lang='lat' dir='ltr'>ful-</span> 
     </span>
     <span class='ocr_line' id='line_1_3' title="bbox 130 314 1812 390; baseline 0.004 -20"><span class='ocrx_word' id='word_1_17' title='bbox 130 316 299 387; x_wconf 79' lang='lat' dir='ltr'>gure?</span> <span class='ocrx_word' id='word_1_18' title='bbox 359 314 585 372; x_wconf 77' lang='lat' dir='ltr'>Caelum</span> <span class='ocrx_word' id='word_1_19' title='bbox 634 317 693 371; x_wconf 88' lang='lat' dir='ltr'>in</span> <span class='ocrx_word' id='word_1_20' title='bbox 737 319 968 373; x_wconf 82' lang='lat' dir='ltr'>sedecim</span> <span class='ocrx_word' id='word_1_21' title='bbox 1017 320 1189 390; x_wconf 88' lang='lat' dir='ltr'>partis</span> <span class='ocrx_word' id='word_1_22' title='bbox 1238 321 1535 375; x_wconf 87' lang='lat' dir='ltr'>diviserunt</span> <span class='ocrx_word' id='word_1_23' title='bbox 1578 321 1812 378; x_wconf 85' lang='lat' dir='ltr'>Etrusci.</span> 
     </span>
     <span class='ocr_line' id='line_1_4' title="bbox 127 388 1813 466; baseline 0.005 -24"><span class='ocrx_word' id='word_1_24' title='bbox 127 388 308 444; x_wconf 86' lang='lat' dir='ltr'>Facile</span> <span class='ocrx_word' id='word_1_25' title='bbox 352 389 409 446; x_wconf 82' lang='lat' dir='ltr'>id</span> <span class='ocrx_word' id='word_1_26' title='bbox 455 391 673 462; x_wconf 80' lang='lat' dir='ltr'>quidem</span> <span class='ocrx_word' id='word_1_27' title='bbox 716 392 844 463; x_wconf 88' lang='lat' dir='ltr'>fuit,</span> <span class='ocrx_word' id='word_1_28' title='bbox 893 397 1173 464; x_wconf 88' lang='lat' dir='ltr'>quattuor,</span> <span class='ocrx_word' id='word_1_29' title='bbox 1221 413 1355 464; x_wconf 90' lang='lat' dir='ltr'>quas</span> <span class='ocrx_word' id='word_1_30' title='bbox 1394 413 1493 449; x_wconf 90' lang='lat' dir='ltr'>nos</span> <span class='ocrx_word' id='word_1_31' title='bbox 1533 395 1813 466; x_wconf 89' lang='lat' dir='ltr'>habemus,</span> 
     </span>
     <span class='ocr_line' id='line_1_5' title="bbox 129 462 1811 540; baseline 0.004 -23"><span class='ocrx_word' id='word_1_32' title='bbox 129 462 425 535; x_wconf 85' lang='lat' dir='ltr'>duplicare,</span> <span class='ocrx_word' id='word_1_33' title='bbox 461 468 589 536; x_wconf 90' lang='lat' dir='ltr'>post</span> <span class='ocrx_word' id='word_1_34' title='bbox 625 465 768 520; x_wconf 90' lang='lat' dir='ltr'>idem</span> <span class='ocrx_word' id='word_1_35' title='bbox 806 467 1003 521; x_wconf 89' lang='lat' dir='ltr'>iterum</span> <span class='ocrx_word' id='word_1_36' title='bbox 1039 467 1232 537; x_wconf 86' lang='lat' dir='ltr'>facere,</span> <span class='ocrx_word' id='word_1_37' title='bbox 1271 471 1333 522; x_wconf 92' lang='lat' dir='ltr'>ut</span> <span class='ocrx_word' id='word_1_38' title='bbox 1367 487 1431 522; x_wconf 85' lang='lat' dir='ltr'>ex</span> <span class='ocrx_word' id='word_1_39' title='bbox 1463 487 1526 524; x_wconf 92' lang='lat' dir='ltr'>eo</span> <span class='ocrx_word' id='word_1_40' title='bbox 1559 470 1811 540; x_wconf 73' lang='lat' dir='ltr'>dicerent,</span> 
     </span>
     <span class='ocr_line' id='line_1_6' title="bbox 83 536 1811 614; baseline 0.005 -26"><span class='ocrx_word' id='word_1_41' title='bbox 83 551 105 585; x_wconf 75' lang='lat'>⁵</span> <span class='ocrx_word' id='word_1_42' title='bbox 127 536 335 592; x_wconf 90' lang='lat' dir='ltr'>fulmen</span> <span class='ocrx_word' id='word_1_43' title='bbox 378 556 486 609; x_wconf 89' lang='lat' dir='ltr'>qua</span> <span class='ocrx_word' id='word_1_44' title='bbox 530 557 595 593; x_wconf 86' lang='lat' dir='ltr'>ex</span> <span class='ocrx_word' id='word_1_45' title='bbox 638 543 795 611; x_wconf 88' lang='lat' dir='ltr'>parte</span> <span class='ocrx_word' id='word_1_46' title='bbox 842 541 1095 596; x_wconf 79' lang='lat' dir='ltr'>venisset.</span> <span class='ocrx_word' id='word_1_47' title='bbox 1169 541 1414 596; x_wconf 92' lang='lat' dir='ltr'>Primum</span> <span class='ocrx_word' id='word_1_48' title='bbox 1458 542 1514 597; x_wconf 93' lang='lat' dir='ltr'>id</span> <span class='ocrx_word' id='word_1_49' title='bbox 1560 543 1688 614; x_wconf 91' lang='lat' dir='ltr'>quid</span> <span class='ocrx_word' id='word_1_50' title='bbox 1733 544 1811 597; x_wconf 89' lang='lat' dir='ltr'>in·</span> 
     </span>
     <span class='ocr_line' id='line_1_7' title="bbox 127 612 1811 688; baseline 0.004 -23"><span class='ocrx_word' id='word_1_51' title='bbox 127 612 333 666; x_wconf 75' lang='lat' dir='ltr'>ter-est?</span> <span class='ocrx_word' id='word_1_52' title='bbox 372 612 561 668; x_wconf 89' lang='lat' dir='ltr'>deinde</span> <span class='ocrx_word' id='word_1_53' title='bbox 599 614 728 684; x_wconf 90' lang='lat' dir='ltr'>quid</span> <span class='ocrx_word' id='word_1_54' title='bbox 766 614 1073 686; x_wconf 65' lang='lat' dir='ltr'>significat?&gt;</span> <span class='ocrx_word' id='word_1_55' title='bbox 1118 614 1312 669; x_wconf 83' lang='lat' dir='ltr'>Nonne</span> <span class='ocrx_word' id='word_1_56' title='bbox 1350 617 1695 688; x_wconf 89' lang='lat' dir='ltr'>perspicuum</span> <span class='ocrx_word' id='word_1_57' title='bbox 1727 621 1811 672; x_wconf 91' lang='lat' dir='ltr'>est</span> 
     </span>
     <span class='ocr_line' id='line_1_8' title="bbox 129 684 1810 759; baseline 0.005 -21"><span class='ocrx_word' id='word_1_58' title='bbox 129 703 192 738; x_wconf 84' lang='lat' dir='ltr'>ex</span> <span class='ocrx_word' id='word_1_59' title='bbox 228 684 407 757; x_wconf 84' lang='lat' dir='ltr'>prima</span> <span class='ocrx_word' id='word_1_60' title='bbox 443 687 800 743; x_wconf 74' lang='lat' dir='ltr'>admiratione</span> <span class='ocrx_word' id='word_1_61' title='bbox 834 689 1130 759; x_wconf 89' lang='lat' dir='ltr'>hominum,</span> <span class='ocrx_word' id='word_1_62' title='bbox 1170 690 1313 759; x_wconf 91' lang='lat' dir='ltr'>quod</span> <span class='ocrx_word' id='word_1_63' title='bbox 1343 691 1586 745; x_wconf 88' lang='lat' dir='ltr'>tonitrua</span> <span class='ocrx_word' id='word_1_64' title='bbox 1616 691 1810 746; x_wconf 87' lang='lat' dir='ltr'>iactus-</span> 
     </span>
     <span class='ocr_line' id='line_1_9' title="bbox 129 758 1809 834; baseline 0.004 -21"><span class='ocrx_word' id='word_1_65' title='bbox 129 777 231 829; x_wconf 90' lang='lat' dir='ltr'>que</span> <span class='ocrx_word' id='word_1_66' title='bbox 273 758 564 815; x_wconf 83' lang='lat' dir='ltr'>fulminum</span> <span class='ocrx_word' id='word_1_67' title='bbox 610 762 1006 834; x_wconf 87' lang='lat' dir='ltr'>extimuissent‚</span> <span class='ocrx_word' id='word_1_68' title='bbox 1053 763 1342 818; x_wconf 83' lang='lat' dir='ltr'>credidisse</span> <span class='ocrx_word' id='word_1_69' title='bbox 1380 783 1445 819; x_wconf 87' lang='lat' dir='ltr'>ea</span> <span class='ocrx_word' id='word_1_70' title='bbox 1483 765 1693 820; x_wconf 87' lang='lat' dir='ltr'>efficere</span> <span class='ocrx_word' id='word_1_71' title='bbox 1731 784 1809 820; x_wconf 91' lang='lat' dir='ltr'>re·</span> 
     </span>
     <span class='ocr_line' id='line_1_10' title="bbox 127 834 1808 909; baseline 0.005 -23"><span class='ocrx_word' id='word_1_72' title='bbox 127 851 247 886; x_wconf 91' lang='lat' dir='ltr'>rum</span> <span class='ocrx_word' id='word_1_73' title='bbox 285 834 525 888; x_wconf 90' lang='lat' dir='ltr'>omnium</span> <span class='ocrx_word' id='word_1_74' title='bbox 561 839 973 907; x_wconf 70' lang='lat' dir='ltr'>praepotentem</span> <span class='ocrx_word' id='word_1_75' title='bbox 1002 837 1224 892; x_wconf 83' lang='lat' dir='ltr'>Iovem?</span> <span class='ocrx_word' id='word_1_76' title='bbox 1285 837 1478 909; x_wconf 88' lang='lat' dir='ltr'>Itaque</span> <span class='ocrx_word' id='word_1_77' title='bbox 1517 839 1575 893; x_wconf 93' lang='lat' dir='ltr'>in</span> <span class='ocrx_word' id='word_1_78' title='bbox 1603 841 1808 894; x_wconf 89' lang='lat' dir='ltr'>nostris</span> 
     </span>
     <span class='ocr_line' id='line_1_11' title="bbox 62 908 1809 983; baseline 0.005 -23"><span class='ocrx_word' id='word_1_79' title='bbox 62 921 104 955; x_wconf 85' lang='grc' dir='ltr'>ιο</span> <span class='ocrx_word' id='word_1_80' title='bbox 126 908 527 962; x_wconf 85' lang='lat' dir='ltr'>commentariis</span> <span class='ocrx_word' id='word_1_81' title='bbox 551 910 814 980; x_wconf 90' lang='lat' dir='ltr'>scriptum</span> <span class='ocrx_word' id='word_1_82' title='bbox 836 910 1122 964; x_wconf 85' lang='lat' dir='ltr'>habemus:</span> <span class='ocrx_word' id='word_1_83' title='bbox 1154 910 1332 966; x_wconf 73' lang='lat' dir='ltr'>‘Iove</span> <span class='ocrx_word' id='word_1_84' title='bbox 1363 916 1653 983; x_wconf 88' lang='lat' dir='ltr'>tonante,</span> <span class='ocrx_word' id='word_1_85' title='bbox 1684 914 1809 968; x_wconf 87' lang='lat' dir='ltr'>ful·</span> 
     </span>
     <span class='ocr_line' id='line_1_12' title="bbox 128 983 1895 1055; baseline 0.003 -21"><span class='ocrx_word' id='word_1_86' title='bbox 128 983 402 1052; x_wconf 83' lang='lat' dir='ltr'>gurante</span> <span class='ocrx_word' id='word_1_87' title='bbox 461 983 729 1037; x_wconf 88' lang='lat' dir='ltr'>comitia</span> <span class='ocrx_word' id='word_1_88' title='bbox 787 985 1019 1055; x_wconf 91' lang='lat' dir='ltr'>populi</span> <span class='ocrx_word' id='word_1_89' title='bbox 1078 985 1318 1040; x_wconf 85' lang='lat' dir='ltr'>habere</span> <span class='ocrx_word' id='word_1_90' title='bbox 1378 987 1597 1042; x_wconf 64' lang='lat' dir='ltr'>nefas?</span> <span class='ocrx_word' id='word_1_91' title='bbox 1689 987 1808 1043; x_wconf 92' lang='lat' dir='ltr'>Hoc</span> <span class='ocrx_word' id='word_1_92' title='bbox 1844 999 1895 1040; x_wconf 75' lang='lat'>43</span> 
     </span>
     <span class='ocr_line' id='line_1_13' title="bbox 125 1054 1809 1131; baseline 0.005 -23"><span class='ocrx_word' id='word_1_93' title='bbox 125 1054 359 1110; x_wconf 83' lang='lat' dir='ltr'>fortasse</span> <span class='ocrx_word' id='word_1_94' title='bbox 402 1056 483 1125; x_wconf 81' lang='lat' dir='ltr'>rei</span> <span class='ocrx_word' id='word_1_95' title='bbox 530 1058 780 1128; x_wconf 88' lang='lat' dir='ltr'>publicae</span> <span class='ocrx_word' id='word_1_96' title='bbox 819 1076 982 1112; x_wconf 87' lang='lat' dir='ltr'>causa</span> <span class='ocrx_word' id='word_1_97' title='bbox 1019 1059 1377 1114; x_wconf 90' lang='lat' dir='ltr'>constitutum</span> <span class='ocrx_word' id='word_1_98' title='bbox 1416 1064 1522 1131; x_wconf 81' lang='lat' dir='ltr'>est3</span> <span class='ocrx_word' id='word_1_99' title='bbox 1567 1063 1809 1116; x_wconf 85' lang='lat' dir='ltr'>comitio-</span> 
     </span>
     <span class='ocr_line' id='line_1_14' title="bbox 127 1128 1808 1191; baseline 0.005 -10"><span class='ocrx_word' id='word_1_100' title='bbox 127 1147 247 1182; x_wconf 90' lang='lat' dir='ltr'>rum</span> <span class='ocrx_word' id='word_1_101' title='bbox 307 1128 451 1183; x_wconf 84' lang='lat' dir='ltr'>enim</span> <span class='ocrx_word' id='word_1_102' title='bbox 500 1149 613 1185; x_wconf 89' lang='lat' dir='ltr'>non</span> <span class='ocrx_word' id='word_1_103' title='bbox 664 1131 1038 1187; x_wconf 88' lang='lat' dir='ltr'>habendorum</span> <span class='ocrx_word' id='word_1_104' title='bbox 1091 1152 1280 1188; x_wconf 87' lang='lat' dir='ltr'>causas</span> <span class='ocrx_word' id='word_1_105' title='bbox 1336 1152 1452 1188; x_wconf 91' lang='lat' dir='ltr'>esse</span> <span class='ocrx_word' id='word_1_106' title='bbox 1506 1135 1808 1191; x_wconf 87' lang='lat' dir='ltr'>voluerunt.</span> 
     </span>
     <span class='ocr_line' id='line_1_15' title="bbox 125 1201 1809 1280; baseline 0.005 -25"><span class='ocrx_word' id='word_1_107' title='bbox 125 1201 317 1273; x_wconf 88' lang='lat' dir='ltr'>Itaque</span> <span class='ocrx_word' id='word_1_108' title='bbox 367 1204 714 1276; x_wconf 85' lang='lat' dir='ltr'>comitiorum</span> <span class='ocrx_word' id='word_1_109' title='bbox 767 1206 945 1260; x_wconf 90' lang='lat' dir='ltr'>solum</span> <span class='ocrx_word' id='word_1_110' title='bbox 997 1207 1193 1261; x_wconf 85' lang='lat' dir='ltr'>vitium</span> <span class='ocrx_word' id='word_1_111' title='bbox 1247 1211 1332 1262; x_wconf 91' lang='lat' dir='ltr'>est</span> <span class='ocrx_word' id='word_1_112' title='bbox 1383 1209 1612 1279; x_wconf 88' lang='lat' dir='ltr'>fulmen,</span> <span class='ocrx_word' id='word_1_113' title='bbox 1666 1211 1809 1280; x_wconf 91' lang='lat' dir='ltr'>quod</span> 
     </span>
     <span class='ocr_line' id='line_1_16' title="bbox 61 1275 1810 1354; baseline 0.006 -27"><span class='ocrx_word' id='word_1_114' title='bbox 61 1290 104 1325; x_wconf 71' lang='grc' dir='ltr'>ιε</span> <span class='ocrx_word' id='word_1_115' title='bbox 126 1275 270 1330; x_wconf 90' lang='lat' dir='ltr'>idem</span> <span class='ocrx_word' id='word_1_116' title='bbox 307 1277 557 1332; x_wconf 89' lang='lat' dir='ltr'>omnibus</span> <span class='ocrx_word' id='word_1_117' title='bbox 597 1279 758 1333; x_wconf 90' lang='lat' dir='ltr'>rebus</span> <span class='ocrx_word' id='word_1_118' title='bbox 798 1283 1083 1350; x_wconf 85' lang='lat' dir='ltr'>optumum</span> <span class='ocrx_word' id='word_1_119' title='bbox 1115 1282 1414 1352; x_wconf 88' lang='lat' dir='ltr'>auspicium</span> <span class='ocrx_word' id='word_1_120' title='bbox 1444 1283 1723 1354; x_wconf 79' lang='lat' dir='ltr'>habemuS‚</span> <span class='ocrx_word' id='word_1_121' title='bbox 1762 1285 1810 1338; x_wconf 90' lang='lat' dir='ltr'>si</span> 
     </span>
     <span class='ocr_line' id='line_1_17' title="bbox 126 1349 1807 1428; baseline 0.005 -24"><span class='ocrx_word' id='word_1_122' title='bbox 126 1349 407 1406; x_wconf 87' lang='lat' dir='ltr'>sinistrum</span> <span class='ocrx_word' id='word_1_123' title='bbox 451 1351 572 1406; x_wconf 89' lang='lat' dir='ltr'>fuit.</span> <span class='ocrx_word' id='word_1_124' title='bbox 646 1351 752 1407; x_wconf 87' lang='lat' dir='ltr'>Sed</span> <span class='ocrx_word' id='word_1_125' title='bbox 801 1353 867 1408; x_wconf 89' lang='lat' dir='ltr'>de</span> <span class='ocrx_word' id='word_1_126' title='bbox 912 1355 1166 1426; x_wconf 82' lang='lat' dir='ltr'>auspiciis</span> <span class='ocrx_word' id='word_1_127' title='bbox 1214 1356 1322 1410; x_wconf 89' lang='lat' dir='ltr'>alio</span> <span class='ocrx_word' id='word_1_128' title='bbox 1369 1357 1514 1428; x_wconf 89' lang='lat' dir='ltr'>loco,</span> <span class='ocrx_word' id='word_1_129' title='bbox 1561 1376 1704 1413; x_wconf 88' lang='lat' dir='ltr'>nunc</span> <span class='ocrx_word' id='word_1_130' title='bbox 1743 1358 1807 1413; x_wconf 90' lang='lat' dir='ltr'>de</span> 
     </span>
     <span class='ocr_line' id='line_1_18' title="bbox 125 1423 446 1496; baseline 0.006 -18"><span class='ocrx_word' id='word_1_131' title='bbox 125 1423 446 1496; x_wconf 87' lang='lat' dir='ltr'>fulgoribus.</span> 
     </span>
     <span class='ocr_line' id='line_1_19' title="bbox 234 1497 1893 1577; baseline 0.005 -24"><span class='ocrx_word' id='word_1_132' title='bbox 234 1497 373 1562; x_wconf 80' lang='lat' dir='ltr'>Quid</span> <span class='ocrx_word' id='word_1_133' title='bbox 403 1499 573 1572; x_wconf 86' lang='lat' dir='ltr'>igitur</span> <span class='ocrx_word' id='word_1_134' title='bbox 603 1501 781 1556; x_wconf 90' lang='lat' dir='ltr'>minus</span> <span class='ocrx_word' id='word_1_135' title='bbox 813 1521 846 1556; x_wconf 87' lang='lat' dir='ltr'>a</span> <span class='ocrx_word' id='word_1_136' title='bbox 875 1501 1114 1573; x_wconf 84' lang='lat' dir='ltr'>physicis</span> <span class='ocrx_word' id='word_1_137' title='bbox 1147 1502 1251 1558; x_wconf 91' lang='lat' dir='ltr'>dici</span> <span class='ocrx_word' id='word_1_138' title='bbox 1283 1503 1444 1559; x_wconf 92' lang='lat' dir='ltr'>debet</span> <span class='ocrx_word' id='word_1_139' title='bbox 1475 1523 1638 1575; x_wconf 88' lang='lat' dir='ltr'>quam</span> <span class='ocrx_word' id='word_1_140' title='bbox 1664 1507 1806 1577; x_wconf 91' lang='lat' dir='ltr'>quic·</span> <span class='ocrx_word' id='word_1_141' title='bbox 1827 1509 1893 1562; x_wconf 88' lang='lat'>19</span> 
     </span>
     <span class='ocr_line' id='line_1_20' title="bbox 126 1574 1807 1648; baseline 0.005 -22"><span class='ocrx_word' id='word_1_142' title='bbox 126 1590 288 1642; x_wconf 87' lang='lat' dir='ltr'>quam</span> <span class='ocrx_word' id='word_1_143' title='bbox 339 1574 473 1628; x_wconf 87' lang='lat' dir='ltr'>certi</span> <span class='ocrx_word' id='word_1_144' title='bbox 521 1575 816 1648; x_wconf 85' lang='lat' dir='ltr'>significari</span> <span class='ocrx_word' id='word_1_145' title='bbox 861 1577 1023 1630; x_wconf 91' lang='lat' dir='ltr'>rebus</span> <span class='ocrx_word' id='word_1_146' title='bbox 1069 1577 1329 1632; x_wconf 79' lang='lat' dir='ltr'>incertis?</span> <span class='ocrx_word' id='word_1_147' title='bbox 1390 1578 1517 1633; x_wconf 93' lang='lat' dir='ltr'>Non</span> <span class='ocrx_word' id='word_1_148' title='bbox 1563 1580 1703 1634; x_wconf 92' lang='lat' dir='ltr'>enim</span> <span class='ocrx_word' id='word_1_149' title='bbox 1752 1584 1807 1635; x_wconf 90' lang='lat' dir='ltr'>te</span> 
     </span>
     <span class='ocr_line' id='line_1_21' title="bbox 60 1649 1806 1724; baseline 0.006 -25"><span class='ocrx_word' id='word_1_150' title='bbox 60 1660 103 1694; x_wconf 75' lang='lat'>80</span> <span class='ocrx_word' id='word_1_151' title='bbox 124 1649 258 1716; x_wconf 90' lang='lat' dir='ltr'>puto</span> <span class='ocrx_word' id='word_1_152' title='bbox 297 1665 415 1702; x_wconf 90' lang='lat' dir='ltr'>esse</span> <span class='ocrx_word' id='word_1_153' title='bbox 453 1667 590 1719; x_wconf 88' lang='lat' dir='ltr'>eum,</span> <span class='ocrx_word' id='word_1_154' title='bbox 629 1649 722 1719; x_wconf 90' lang='lat' dir='ltr'>qui</span> <span class='ocrx_word' id='word_1_155' title='bbox 751 1649 869 1704; x_wconf 86' lang='lat' dir='ltr'>Iovi</span> <span class='ocrx_word' id='word_1_156' title='bbox 905 1649 1114 1704; x_wconf 86' lang='lat' dir='ltr'>fulmen</span> <span class='ocrx_word' id='word_1_157' title='bbox 1150 1651 1446 1706; x_wconf 87' lang='lat' dir='ltr'>fabricatos</span> <span class='ocrx_word' id='word_1_158' title='bbox 1478 1671 1595 1707; x_wconf 88' lang='lat' dir='ltr'>esse</span> <span class='ocrx_word' id='word_1_159' title='bbox 1620 1652 1806 1724; x_wconf 82' lang='lat' dir='ltr'>Cyclo-</span> 
     </span>
     <span class='ocr_line' id='line_1_22' title="bbox 163 1719 1890 1796; baseline 0.003 -22"><span class='ocrx_word' id='word_1_160' title='bbox 163 1737 224 1774; x_wconf 66' lang='grc'>88</span> <span class='ocrx_word' id='word_1_161' title='bbox 260 1719 319 1774; x_wconf 91' lang='lat' dir='ltr'>in</span> <span class='ocrx_word' id='word_1_162' title='bbox 348 1721 530 1776; x_wconf 86' lang='lat' dir='ltr'>Aetna</span> <span class='ocrx_word' id='word_1_163' title='bbox 564 1726 746 1794; x_wconf 82' lang='lat' dir='ltr'>putes3</span> <span class='ocrx_word' id='word_1_164' title='bbox 783 1742 911 1777; x_wconf 90' lang='lat' dir='ltr'>nam</span> <span class='ocrx_word' id='word_1_165' title='bbox 945 1727 1088 1778; x_wconf 90' lang='lat' dir='ltr'>esset</span> <span class='ocrx_word' id='word_1_166' title='bbox 1117 1725 1382 1795; x_wconf 88' lang='lat' dir='ltr'>mirabile,</span> <span class='ocrx_word' id='word_1_167' title='bbox 1422 1745 1527 1796; x_wconf 90' lang='lat' dir='ltr'>quo</span> <span class='ocrx_word' id='word_1_168' title='bbox 1559 1729 1718 1782; x_wconf 91' lang='lat' dir='ltr'>modo</span> <span class='ocrx_word' id='word_1_169' title='bbox 1750 1728 1806 1783; x_wconf 92' lang='lat' dir='ltr'>id</span> <span class='ocrx_word' id='word_1_170' title='bbox 1838 1741 1890 1780; x_wconf 84' lang='lat'>44</span> 
     </span>
     <span class='ocr_line' id='line_1_23' title="bbox 123 1738 1806 1871; baseline 0.007 -25"><span class='ocrx_word' id='word_1_171' title='bbox 123 1738 369 1865; x_wconf 59' lang='lat' dir='ltr'>fuppiter</span> <span class='ocrx_word' id='word_1_172' title='bbox 405 1796 608 1851; x_wconf 88' lang='lat' dir='ltr'>totiens</span> <span class='ocrx_word' id='word_1_173' title='bbox 645 1797 859 1867; x_wconf 86' lang='lat' dir='ltr'>iaceret,</span> <span class='ocrx_word' id='word_1_174' title='bbox 899 1817 1019 1852; x_wconf 92' lang='lat' dir='ltr'>cum</span> <span class='ocrx_word' id='word_1_175' title='bbox 1057 1817 1225 1852; x_wconf 89' lang='lat' dir='ltr'>unum</span> <span class='ocrx_word' id='word_1_176' title='bbox 1264 1799 1513 1871; x_wconf 83' lang='lat' dir='ltr'>haberet3</span> <span class='ocrx_word' id='word_1_177' title='bbox 1550 1820 1647 1856; x_wconf 92' lang='lat' dir='ltr'>nec</span> <span class='ocrx_word' id='word_1_178' title='bbox 1678 1820 1806 1858; x_wconf 85' lang='lat' dir='ltr'>vero</span> 
     </span>
     <span class='ocr_line' id='line_1_24' title="bbox 125 1866 1807 1942; baseline 0.005 -21"><span class='ocrx_word' id='word_1_179' title='bbox 125 1866 441 1924; x_wconf 84' lang='lat' dir='ltr'>fulminibus</span> <span class='ocrx_word' id='word_1_180' title='bbox 479 1870 740 1942; x_wconf 77' lang='lat' dir='ltr'>homines„</span> <span class='ocrx_word' id='word_1_181' title='bbox 780 1872 908 1942; x_wconf 90' lang='lat' dir='ltr'>quid</span> <span class='ocrx_word' id='word_1_182' title='bbox 947 1875 1043 1926; x_wconf 85' lang='lat' dir='ltr'>aut</span> <span class='ocrx_word' id='word_1_183' title='bbox 1080 1872 1384 1928; x_wconf 87' lang='lat' dir='ltr'>faciendum</span> <span class='ocrx_word' id='word_1_184' title='bbox 1423 1878 1567 1929; x_wconf 89' lang='lat' dir='ltr'>esset</span> <span class='ocrx_word' id='word_1_185' title='bbox 1599 1879 1693 1930; x_wconf 91' lang='lat' dir='ltr'>aut</span> <span class='ocrx_word' id='word_1_186' title='bbox 1725 1895 1807 1931; x_wconf 85' lang='lat' dir='ltr'>ca-</span> 
     </span>
     <span class='ocr_line' id='line_1_25' title="bbox 124 1941 1806 2014; baseline 0.005 -19"><span class='ocrx_word' id='word_1_187' title='bbox 124 1941 378 2014; x_wconf 83' lang='lat' dir='ltr'>vendum,</span> <span class='ocrx_word' id='word_1_188' title='bbox 423 1949 680 1999; x_wconf 90' lang='lat' dir='ltr'>moneret.</span> <span class='ocrx_word' id='word_1_189' title='bbox 748 1945 937 2000; x_wconf 86' lang='lat' dir='ltr'>Placet</span> <span class='ocrx_word' id='word_1_190' title='bbox 983 1946 1127 2000; x_wconf 90' lang='lat' dir='ltr'>enim</span> <span class='ocrx_word' id='word_1_191' title='bbox 1166 1945 1362 2002; x_wconf 84' lang='lat' dir='ltr'>Stoicis</span> <span class='ocrx_word' id='word_1_192' title='bbox 1402 1966 1494 2003; x_wconf 91' lang='lat' dir='ltr'>eos</span> <span class='ocrx_word' id='word_1_193' title='bbox 1533 1950 1806 2004; x_wconf 88' lang='lat' dir='ltr'>anhelitus</span> 
     </span>
     <span class='ocr_line' id='line_1_26' title="bbox 57 2017 1805 2093; baseline 0.005 -23"><span class='ocrx_word' id='word_1_194' title='bbox 57 2028 102 2064; x_wconf 76' lang='lat'>⁸⁵</span> <span class='ocrx_word' id='word_1_195' title='bbox 123 2017 322 2087; x_wconf 84' lang='lat' dir='ltr'>terrae,</span> <span class='ocrx_word' id='word_1_196' title='bbox 369 2017 461 2088; x_wconf 92' lang='lat' dir='ltr'>qui</span> <span class='ocrx_word' id='word_1_197' title='bbox 506 2017 695 2090; x_wconf 85' lang='lat' dir='ltr'>frigidi</span> <span class='ocrx_word' id='word_1_198' title='bbox 732 2019 863 2089; x_wconf 88' lang='lat' dir='ltr'>sint,</span> <span class='ocrx_word' id='word_1_199' title='bbox 910 2038 1032 2074; x_wconf 88' lang='lat' dir='ltr'>cum</span> <span class='ocrx_word' id='word_1_200' title='bbox 1069 2020 1234 2075; x_wconf 90' lang='lat' dir='ltr'>fluere</span> <span class='ocrx_word' id='word_1_201' title='bbox 1273 2022 1569 2093; x_wconf 82' lang='lat' dir='ltr'>coeperint,</span> <span class='ocrx_word' id='word_1_202' title='bbox 1614 2027 1805 2078; x_wconf 86' lang='lat' dir='ltr'>ventos</span> 
     </span>
     <span class='ocr_line' id='line_1_27' title="bbox 124 2092 1805 2166; baseline 0.005 -23"><span class='ocrx_word' id='word_1_203' title='bbox 124 2106 264 2159; x_wconf 85' lang='lat' dir='ltr'>esse3</span> <span class='ocrx_word' id='word_1_204' title='bbox 294 2109 416 2145; x_wconf 91' lang='lat' dir='ltr'>cum</span> <span class='ocrx_word' id='word_1_205' title='bbox 448 2094 630 2145; x_wconf 89' lang='lat' dir='ltr'>autem</span> <span class='ocrx_word' id='word_1_206' title='bbox 660 2110 718 2146; x_wconf 88' lang='lat' dir='ltr'>se</span> <span class='ocrx_word' id='word_1_207' title='bbox 744 2092 801 2146; x_wconf 91' lang='lat' dir='ltr'>in</span> <span class='ocrx_word' id='word_1_208' title='bbox 831 2093 1031 2147; x_wconf 92' lang='lat' dir='ltr'>nubem</span> <span class='ocrx_word' id='word_1_209' title='bbox 1060 2093 1334 2148; x_wconf 92' lang='lat' dir='ltr'>induerint</span> <span class='ocrx_word' id='word_1_210' title='bbox 1365 2095 1583 2166; x_wconf 88' lang='lat' dir='ltr'>eiusque</span> <span class='ocrx_word' id='word_1_211' title='bbox 1607 2099 1805 2151; x_wconf 91' lang='lat' dir='ltr'>tenuis-</span> 
     </span>
     <span class='ocr_line' id='line_1_28' title="bbox 124 2162 1804 2240; baseline 0.005 -23"><span class='ocrx_word' id='word_1_212' title='bbox 124 2162 318 2218; x_wconf 82' lang='lat' dir='ltr'>simam</span> <span class='ocrx_word' id='word_1_213' title='bbox 355 2183 624 2236; x_wconf 86' lang='lat' dir='ltr'>quamque</span> <span class='ocrx_word' id='word_1_214' title='bbox 660 2169 873 2237; x_wconf 89' lang='lat' dir='ltr'>partem</span> <span class='ocrx_word' id='word_1_215' title='bbox 913 2167 1187 2237; x_wconf 88' lang='lat' dir='ltr'>coeperint</span> <span class='ocrx_word' id='word_1_216' title='bbox 1226 2168 1461 2223; x_wconf 89' lang='lat' dir='ltr'>dividere</span> <span class='ocrx_word' id='word_1_217' title='bbox 1499 2173 1662 2240; x_wconf 90' lang='lat' dir='ltr'>atque</span> <span class='ocrx_word' id='word_1_218' title='bbox 1701 2172 1804 2226; x_wconf 91' lang='lat' dir='ltr'>dis-</span> 
     </span>
     <span class='ocr_line' id='line_1_29' title="bbox 123 2238 1805 2314; baseline 0.005 -23"><span class='ocrx_word' id='word_1_219' title='bbox 123 2255 371 2308; x_wconf 87' lang='lat' dir='ltr'>rumpere</span> <span class='ocrx_word' id='word_1_220' title='bbox 409 2238 569 2310; x_wconf 88' lang='lat' dir='ltr'>idque</span> <span class='ocrx_word' id='word_1_221' title='bbox 607 2240 845 2294; x_wconf 91' lang='lat' dir='ltr'>crebrius</span> <span class='ocrx_word' id='word_1_222' title='bbox 883 2240 1059 2294; x_wconf 85' lang='lat' dir='ltr'>facere</span> <span class='ocrx_word' id='word_1_223' title='bbox 1091 2244 1146 2295; x_wconf 91' lang='lat' dir='ltr'>et</span> <span class='ocrx_word' id='word_1_224' title='bbox 1175 2242 1561 2314; x_wconf 81' lang='lat' dir='ltr'>vehementiuS‚</span> <span class='ocrx_word' id='word_1_225' title='bbox 1599 2248 1717 2298; x_wconf 91' lang='lat' dir='ltr'>tum</span> <span class='ocrx_word' id='word_1_226' title='bbox 1749 2250 1805 2300; x_wconf 87' lang='lat' dir='ltr'>et</span> 
     </span>
     <span class='ocr_line' id='line_1_30' title="bbox 122 2309 1803 2383; baseline 0.005 -18"><span class='ocrx_word' id='word_1_227' title='bbox 122 2309 364 2382; x_wconf 84' lang='lat' dir='ltr'>fulgores</span> <span class='ocrx_word' id='word_1_228' title='bbox 410 2316 467 2366; x_wconf 92' lang='lat' dir='ltr'>et</span> <span class='ocrx_word' id='word_1_229' title='bbox 509 2313 755 2368; x_wconf 85' lang='lat' dir='ltr'>tonitrua</span> <span class='ocrx_word' id='word_1_230' title='bbox 801 2314 1053 2383; x_wconf 82' lang='lat' dir='ltr'>existere3</span> <span class='ocrx_word' id='word_1_231' title='bbox 1106 2315 1154 2368; x_wconf 89' lang='lat' dir='ltr'>si</span> <span class='ocrx_word' id='word_1_232' title='bbox 1199 2319 1381 2370; x_wconf 86' lang='lat' dir='ltr'>autem</span> <span class='ocrx_word' id='word_1_233' title='bbox 1417 2317 1643 2372; x_wconf 91' lang='lat' dir='ltr'>nubium</span> <span class='ocrx_word' id='word_1_234' title='bbox 1683 2338 1803 2374; x_wconf 88' lang='lat' dir='ltr'>con-</span> 
     </span>
     <span class='ocr_line' id='line_1_31' title="bbox 58 2384 1803 2459; baseline 0.005 -21"><span class='ocrx_word' id='word_1_235' title='bbox 58 2397 101 2431; x_wconf 75' lang='lat'>⁸⁰</span> <span class='ocrx_word' id='word_1_236' title='bbox 123 2384 273 2439; x_wconf 91' lang='lat' dir='ltr'>flictu</span> <span class='ocrx_word' id='word_1_237' title='bbox 327 2386 488 2441; x_wconf 85' lang='lat' dir='ltr'>ardor</span> <span class='ocrx_word' id='word_1_238' title='bbox 541 2405 824 2458; x_wconf 85' lang='lat' dir='ltr'>expressus</span> <span class='ocrx_word' id='word_1_239' title='bbox 879 2406 936 2442; x_wconf 87' lang='lat' dir='ltr'>se</span> <span class='ocrx_word' id='word_1_240' title='bbox 991 2388 1253 2459; x_wconf 84' lang='lat' dir='ltr'>emiserit,</span> <span class='ocrx_word' id='word_1_241' title='bbox 1306 2390 1362 2444; x_wconf 92' lang='lat' dir='ltr'>id</span> <span class='ocrx_word' id='word_1_242' title='bbox 1415 2409 1532 2445; x_wconf 88' lang='lat' dir='ltr'>esse</span> <span class='ocrx_word' id='word_1_243' title='bbox 1580 2392 1803 2448; x_wconf 73' lang='lat' dir='ltr'>fulmen.</span> 
     </span>
     <span class='ocr_line' id='line_1_32' title="bbox 123 2457 1801 2534; baseline 0.006 -23"><span class='ocrx_word' id='word_1_244' title='bbox 123 2457 277 2520; x_wconf 87' lang='lat' dir='ltr'>Quod</span> <span class='ocrx_word' id='word_1_245' title='bbox 320 2459 489 2531; x_wconf 86' lang='lat' dir='ltr'>igitur</span> <span class='ocrx_word' id='word_1_246' title='bbox 534 2460 589 2514; x_wconf 86' lang='lat' dir='ltr'>vi</span> <span class='ocrx_word' id='word_1_247' title='bbox 626 2464 873 2531; x_wconf 86' lang='lat' dir='ltr'>naturae,</span> <span class='ocrx_word' id='word_1_248' title='bbox 919 2462 1072 2516; x_wconf 86' lang='lat' dir='ltr'>nulla</span> <span class='ocrx_word' id='word_1_249' title='bbox 1109 2465 1440 2534; x_wconf 85' lang='lat' dir='ltr'>constantia,</span> <span class='ocrx_word' id='word_1_250' title='bbox 1487 2468 1639 2520; x_wconf 89' lang='lat' dir='ltr'>nullo</span> <span class='ocrx_word' id='word_1_251' title='bbox 1679 2471 1801 2522; x_wconf 86' lang='lat' dir='ltr'>rato</span> 
     </span>
     <span class='ocr_line' id='line_1_33' title="bbox 122 2532 1803 2608; baseline 0.006 -23"><span class='ocrx_word' id='word_1_252' title='bbox 122 2534 365 2603; x_wconf 87' lang='lat' dir='ltr'>tempore</span> <span class='ocrx_word' id='word_1_253' title='bbox 410 2532 654 2587; x_wconf 84' lang='lat' dir='ltr'>videmus</span> <span class='ocrx_word' id='word_1_254' title='bbox 701 2534 863 2604; x_wconf 87' lang='lat' dir='ltr'>effici,</span> <span class='ocrx_word' id='word_1_255' title='bbox 909 2554 974 2588; x_wconf 85' lang='lat' dir='ltr'>ex</span> <span class='ocrx_word' id='word_1_256' title='bbox 1019 2554 1083 2590; x_wconf 93' lang='lat' dir='ltr'>eo</span> <span class='ocrx_word' id='word_1_257' title='bbox 1131 2537 1582 2608; x_wconf 86' lang='lat' dir='ltr'>significationem</span> <span class='ocrx_word' id='word_1_258' title='bbox 1621 2559 1803 2596; x_wconf 87' lang='lat' dir='ltr'>rerum</span> 
     </span>
     <span class='ocr_line' id='line_1_34' title="bbox 122 2607 1802 2684; baseline 0.005 -25"><span class='ocrx_word' id='word_1_259' title='bbox 122 2607 563 2676; x_wconf 86' lang='lat' dir='ltr'>consequentium</span> <span class='ocrx_word' id='word_1_260' title='bbox 614 2608 957 2678; x_wconf 82' lang='lat' dir='ltr'>quaerimus?</span> <span class='ocrx_word' id='word_1_261' title='bbox 1020 2607 1260 2681; x_wconf 88' lang='lat' dir='ltr'>Scilicet,</span> <span class='ocrx_word' id='word_1_262' title='bbox 1309 2612 1356 2665; x_wconf 91' lang='lat' dir='ltr'>si</span> <span class='ocrx_word' id='word_1_263' title='bbox 1405 2612 1513 2666; x_wconf 88' lang='lat' dir='ltr'>ista</span> <span class='ocrx_word' id='word_1_264' title='bbox 1558 2612 1802 2684; x_wconf 88' lang='lat' dir='ltr'>Iuppiter</span> 
     </span>
     <span class='ocr_line' id='line_1_35' title="bbox 123 2679 1886 2751; baseline 0.003 -18"><span class='ocrx_word' id='word_1_265' title='bbox 123 2679 467 2750; x_wconf 87' lang='lat' dir='ltr'>significaret,</span> <span class='ocrx_word' id='word_1_266' title='bbox 497 2684 612 2735; x_wconf 89' lang='lat' dir='ltr'>tam</span> <span class='ocrx_word' id='word_1_267' title='bbox 644 2682 819 2735; x_wconf 86' lang='lat' dir='ltr'>multa</span> <span class='ocrx_word' id='word_1_268' title='bbox 846 2682 1053 2736; x_wconf 83' lang='lat' dir='ltr'>frustra</span> <span class='ocrx_word' id='word_1_269' title='bbox 1074 2683 1305 2738; x_wconf 86' lang='lat' dir='ltr'>fulmina</span> <span class='ocrx_word' id='word_1_270' title='bbox 1328 2686 1623 2740; x_wconf 81' lang='lat' dir='ltr'>emitteret!</span> <span class='ocrx_word' id='word_1_271' title='bbox 1664 2687 1801 2751; x_wconf 84' lang='lat' dir='ltr'>Quid</span> <span class='ocrx_word' id='word_1_272' title='bbox 1834 2698 1886 2739; x_wconf 77' lang='grc'>45</span> 
     </span>
     <span class='ocr_line' id='line_1_36' title="bbox 57 2753 1801 2826; baseline 0.006 -20"><span class='ocrx_word' id='word_1_273' title='bbox 57 2763 101 2800; x_wconf 75' lang='lat'>⁸⁶</span> <span class='ocrx_word' id='word_1_274' title='bbox 124 2753 266 2807; x_wconf 90' lang='lat' dir='ltr'>enim</span> <span class='ocrx_word' id='word_1_275' title='bbox 318 2755 555 2826; x_wconf 87' lang='lat' dir='ltr'>proficit,</span> <span class='ocrx_word' id='word_1_276' title='bbox 608 2773 729 2809; x_wconf 89' lang='lat' dir='ltr'>cum</span> <span class='ocrx_word' id='word_1_277' title='bbox 782 2755 840 2809; x_wconf 87' lang='lat' dir='ltr'>in</span> <span class='ocrx_word' id='word_1_278' title='bbox 893 2757 1128 2811; x_wconf 89' lang='lat' dir='ltr'>medium</span> <span class='ocrx_word' id='word_1_279' title='bbox 1182 2777 1331 2812; x_wconf 89' lang='lat' dir='ltr'>mare</span> <span class='ocrx_word' id='word_1_280' title='bbox 1383 2760 1591 2814; x_wconf 87' lang='lat' dir='ltr'>fulmen</span> <span class='ocrx_word' id='word_1_281' title='bbox 1639 2761 1801 2817; x_wconf 79' lang='lat' dir='ltr'>iecit?</span> 
     </span>
     <span class='ocr_line' id='line_1_37' title="bbox 122 2825 1800 2904; baseline 0.006 -24"><span class='ocrx_word' id='word_1_282' title='bbox 122 2825 272 2897; x_wconf 87' lang='lat' dir='ltr'>quid,</span> <span class='ocrx_word' id='word_1_283' title='bbox 310 2846 431 2882; x_wconf 88' lang='lat' dir='ltr'>cum</span> <span class='ocrx_word' id='word_1_284' title='bbox 470 2828 527 2882; x_wconf 90' lang='lat' dir='ltr'>in</span> <span class='ocrx_word' id='word_1_285' title='bbox 565 2828 864 2883; x_wconf 82' lang='lat' dir='ltr'>altissimos</span> <span class='ocrx_word' id='word_1_286' title='bbox 902 2831 1125 2901; x_wconf 80' lang='lat' dir='ltr'>montiS,</span> <span class='ocrx_word' id='word_1_287' title='bbox 1166 2832 1307 2902; x_wconf 92' lang='lat' dir='ltr'>quod</span> <span class='ocrx_word' id='word_1_288' title='bbox 1345 2833 1661 2904; x_wconf 91' lang='lat' dir='ltr'>plerumque</span> <span class='ocrx_word' id='word_1_289' title='bbox 1699 2837 1800 2891; x_wconf 78' lang='lat' dir='ltr'>fit?</span> 
     </span>
     <span class='ocr_line' id='line_1_38' title="bbox 123 2899 1798 2977; baseline 0.006 -23"><span class='ocrx_word' id='word_1_290' title='bbox 123 2899 272 2971; x_wconf 87' lang='lat' dir='ltr'>quid,</span> <span class='ocrx_word' id='word_1_291' title='bbox 316 2919 437 2955; x_wconf 88' lang='lat' dir='ltr'>cum</span> <span class='ocrx_word' id='word_1_292' title='bbox 482 2902 540 2955; x_wconf 89' lang='lat' dir='ltr'>in</span> <span class='ocrx_word' id='word_1_293' title='bbox 580 2903 819 2956; x_wconf 87' lang='lat' dir='ltr'>desertas</span> <span class='ocrx_word' id='word_1_294' title='bbox 859 2903 1216 2961; x_wconf 80' lang='lat' dir='ltr'>solitudines?</span> <span class='ocrx_word' id='word_1_295' title='bbox 1267 2907 1417 2977; x_wconf 83' lang='lat' dir='ltr'>quid,</span> <span class='ocrx_word' id='word_1_296' title='bbox 1462 2926 1584 2964; x_wconf 78' lang='lat' dir='ltr'>cum</span> <span class='ocrx_word' id='word_1_297' title='bbox 1622 2909 1679 2962; x_wconf 92' lang='lat' dir='ltr'>in</span> <span class='ocrx_word' id='word_1_298' title='bbox 1718 2928 1798 2964; x_wconf 84' lang='lat' dir='ltr'>ea-</span> 
     </span>
     <span class='ocr_line' id='line_1_39' title="bbox 1358 2996 1444 3038; baseline 0 0"><span class='ocrx_word' id='word_1_299' title='bbox 1358 2996 1444 3038; x_wconf 76' lang='lat'><strong>14¹·</strong></span> 
     </span>
    </p>
   </div>
  </div>
 </body>
</html>
