<?xml version="1.0" encoding="UTF-8"?>
<!DOCTYPE html PUBLIC "-//W3C//DTD XHTML 1.0 Transitional//EN"
    "http://www.w3.org/TR/xhtml1/DTD/xhtml1-transitional.dtd">
<html xmlns="http://www.w3.org/1999/xhtml" xml:lang="en" lang="en">
 <head>
  <title>
</title>
<meta http-equiv="Content-Type" content="text/html;charset=utf-8" />
  <meta name='ocr-system' content='tesseract 3.04.00' />
  <meta name='ocr-capabilities' content='ocr_page ocr_carea ocr_par ocr_line ocrx_word'/>
</head>
<body>
  <div class='ocr_page' id='page_1' title='image "./dedivinationelib00ciceuoft_0077.png"; bbox 0 0 2002 3178; ppageno 0'>
   <div class='ocr_carea' id='block_1_1' title="bbox 547 138 1822 194">
    <p class='ocr_par' dir='ltr' id='par_1_1' title="bbox 547 138 1822 194">
     <span class='ocr_line' id='line_1_1' title="bbox 547 138 1822 194; baseline -0.002 -7"><span class='ocrx_word' id='word_1_1' title='bbox 547 140 661 187; x_wconf 87' lang='lat' dir='ltr'>LIB.</span> <span class='ocrx_word' id='word_1_2' title='bbox 693 140 750 187; x_wconf 87' lang='lat' dir='ltr'>IL</span> <span class='ocrx_word' id='word_1_3' title='bbox 784 140 911 187; x_wconf 86' lang='lat' dir='ltr'>CAP.</span> <span class='ocrx_word' id='word_1_4' title='bbox 946 145 1132 186; x_wconf 81' lang='lat'>19—22.</span> <span class='ocrx_word' id='word_1_5' title='bbox 1164 144 1190 194; x_wconf 63' lang='grc' dir='ltr'><strong><em>ὃ</em></strong></span> <span class='ocrx_word' id='word_1_6' title='bbox 1220 145 1410 185; x_wconf 75' lang='lat'>45-49.</span> <span class='ocrx_word' id='word_1_7' title='bbox 1713 138 1822 191; x_wconf 81' lang='grc'>213</span> 
     </span>
    </p>
   </div>
   <div class='ocr_carea' id='block_1_2' title="bbox 79 259 1909 2991">
    <p class='ocr_par' dir='ltr' id='par_1_2' title="bbox 79 259 1909 2991">
     <span class='ocr_line' id='line_1_2' title="bbox 144 259 1823 332; baseline -0.002 -15"><span class='ocrx_word' id='word_1_8' title='bbox 144 262 348 318; x_wconf 79' lang='lat' dir='ltr'>servari</span> <span class='ocrx_word' id='word_1_9' title='bbox 386 261 847 332; x_wconf 82' lang='lat' dir='ltr'>animadvertique</span> <span class='ocrx_word' id='word_1_10' title='bbox 877 263 1185 331; x_wconf 90' lang='lat' dir='ltr'>potuerunt.</span> <span class='ocrx_word' id='word_1_11' title='bbox 1245 259 1448 314; x_wconf 87' lang='lat' dir='ltr'>Nattae</span> <span class='ocrx_word' id='word_1_12' title='bbox 1482 277 1607 314; x_wconf 79' lang='lat' dir='ltr'>vero</span> <span class='ocrx_word' id='word_1_13' title='bbox 1640 261 1823 314; x_wconf 79' lang='lat' dir='ltr'>statua</span> 
     </span>
     <span class='ocr_line' id='line_1_3' title="bbox 144 333 1822 407; baseline -0.002 -16"><span class='ocrx_word' id='word_1_14' title='bbox 144 340 240 392; x_wconf 75' lang='lat' dir='ltr'>aut</span> <span class='ocrx_word' id='word_1_15' title='bbox 284 354 410 390; x_wconf 77' lang='lat' dir='ltr'>sera</span> <span class='ocrx_word' id='word_1_16' title='bbox 455 336 640 407; x_wconf 87' lang='lat' dir='ltr'>legum</span> <span class='ocrx_word' id='word_1_17' title='bbox 687 335 751 389; x_wconf 91' lang='lat' dir='ltr'>de</span> <span class='ocrx_word' id='word_1_18' title='bbox 790 335 939 389; x_wconf 89' lang='lat' dir='ltr'>caelo</span> <span class='ocrx_word' id='word_1_19' title='bbox 979 337 1127 388; x_wconf 84' lang='lat' dir='ltr'>tacta</span> <span class='ocrx_word' id='word_1_20' title='bbox 1165 333 1294 405; x_wconf 89' lang='lat' dir='ltr'>quid</span> <span class='ocrx_word' id='word_1_21' title='bbox 1331 334 1536 388; x_wconf 88' lang='lat' dir='ltr'>habent</span> <span class='ocrx_word' id='word_1_22' title='bbox 1574 334 1822 387; x_wconf 83' lang='lat' dir='ltr'>observa·</span> 
     </span>
     <span class='ocr_line' id='line_1_4' title="bbox 142 407 1821 478; baseline -0.002 -14"><span class='ocrx_word' id='word_1_23' title='bbox 142 413 261 465; x_wconf 89' lang='lat' dir='ltr'>tum</span> <span class='ocrx_word' id='word_1_24' title='bbox 297 428 361 465; x_wconf 74' lang='lat' dir='ltr'>se</span> <span class='ocrx_word' id='word_1_25' title='bbox 389 409 700 464; x_wconf 79' lang='lat' dir='ltr'>vetustum?</span> <span class='ocrx_word' id='word_1_26' title='bbox 738 408 944 462; x_wconf 87' lang='lat' dir='ltr'>Pinarii</span> <span class='ocrx_word' id='word_1_27' title='bbox 966 407 1170 463; x_wconf 88' lang='lat' dir='ltr'>Nattae</span> <span class='ocrx_word' id='word_1_28' title='bbox 1199 408 1434 478; x_wconf 86' lang='lat' dir='ltr'>nobiles;</span> <span class='ocrx_word' id='word_1_29' title='bbox 1473 427 1504 462; x_wconf 88' lang='lat' dir='ltr'>a</span> <span class='ocrx_word' id='word_1_30' title='bbox 1534 408 1821 462; x_wconf 84' lang='lat' dir='ltr'>nobilitate</span> 
     </span>
     <span class='ocr_line' id='line_1_5' title="bbox 142 481 1822 556; baseline -0.002 -17"><span class='ocrx_word' id='word_1_31' title='bbox 142 484 313 556; x_wconf 82' lang='lat' dir='ltr'>igitur</span> <span class='ocrx_word' id='word_1_32' title='bbox 357 483 671 554; x_wconf 87' lang='lat' dir='ltr'>periculum.</span> <span class='ocrx_word' id='word_1_33' title='bbox 740 481 858 538; x_wconf 87' lang='lat' dir='ltr'>Hoc</span> <span class='ocrx_word' id='word_1_34' title='bbox 902 485 1017 536; x_wconf 88' lang='lat' dir='ltr'>tam</span> <span class='ocrx_word' id='word_1_35' title='bbox 1056 482 1248 537; x_wconf 88' lang='lat' dir='ltr'>callide</span> <span class='ocrx_word' id='word_1_36' title='bbox 1279 481 1523 552; x_wconf 88' lang='lat' dir='ltr'>Iuppiter</span> <span class='ocrx_word' id='word_1_37' title='bbox 1561 482 1822 553; x_wconf 74' lang='lat' dir='ltr'>excogita-</span> 
     </span>
     <span class='ocr_line' id='line_1_6' title="bbox 99 555 1822 627; baseline -0.003 -13"><span class='ocrx_word' id='word_1_38' title='bbox 99 571 120 606; x_wconf 71' lang='lat'><strong>5</strong></span> <span class='ocrx_word' id='word_1_39' title='bbox 141 557 246 614; x_wconf 74' lang='lat' dir='ltr'>vitl</span> <span class='ocrx_word' id='word_1_40' title='bbox 304 556 570 612; x_wconf 79' lang='lat' dir='ltr'><strong>Romulus</strong></span> <span class='ocrx_word' id='word_1_41' title='bbox 608 557 817 612; x_wconf 80' lang='lat' dir='ltr'>lactens</span> <span class='ocrx_word' id='word_1_42' title='bbox 854 555 1082 610; x_wconf 83' lang='lat' dir='ltr'>fulmine</span> <span class='ocrx_word' id='word_1_43' title='bbox 1119 557 1282 625; x_wconf 85' lang='lat' dir='ltr'>ictus3</span> <span class='ocrx_word' id='word_1_44' title='bbox 1319 556 1442 610; x_wconf 91' lang='lat' dir='ltr'>urbi</span> <span class='ocrx_word' id='word_1_45' title='bbox 1479 555 1650 627; x_wconf 84' lang='lat' dir='ltr'>igitur</span> <span class='ocrx_word' id='word_1_46' title='bbox 1686 555 1822 626; x_wconf 90' lang='lat' dir='ltr'>peri·</span> 
     </span>
     <span class='ocr_line' id='line_1_7' title="bbox 143 628 1823 701; baseline -0.003 -14"><span class='ocrx_word' id='word_1_47' title='bbox 143 632 324 688; x_wconf 84' lang='lat' dir='ltr'>culum</span> <span class='ocrx_word' id='word_1_48' title='bbox 362 630 689 701; x_wconf 70' lang='lat' dir='ltr'>ostenditur,</span> <span class='ocrx_word' id='word_1_49' title='bbox 726 630 778 684; x_wconf 91' lang='lat' dir='ltr'>ei</span> <span class='ocrx_word' id='word_1_50' title='bbox 815 648 978 700; x_wconf 83' lang='lat' dir='ltr'>quam</span> <span class='ocrx_word' id='word_1_51' title='bbox 1017 630 1110 684; x_wconf 89' lang='lat' dir='ltr'>ille</span> <span class='ocrx_word' id='word_1_52' title='bbox 1149 630 1403 684; x_wconf 76' lang='lat' dir='ltr'>condidit.</span> <span class='ocrx_word' id='word_1_53' title='bbox 1479 628 1652 692; x_wconf 84' lang='lat' dir='ltr'>Quam</span> <span class='ocrx_word' id='word_1_54' title='bbox 1691 629 1823 683; x_wconf 90' lang='lat' dir='ltr'>scite</span> 
     </span>
     <span class='ocr_line' id='line_1_8' title="bbox 142 703 1821 777; baseline -0.002 -17"><span class='ocrx_word' id='word_1_55' title='bbox 142 724 240 777; x_wconf 89' lang='lat' dir='ltr'>per</span> <span class='ocrx_word' id='word_1_56' title='bbox 274 708 435 760; x_wconf 81' lang='lat' dir='ltr'>notas</span> <span class='ocrx_word' id='word_1_57' title='bbox 471 723 571 760; x_wconf 89' lang='lat' dir='ltr'>nos</span> <span class='ocrx_word' id='word_1_58' title='bbox 610 704 866 760; x_wconf 82' lang='lat' dir='ltr'>certiores</span> <span class='ocrx_word' id='word_1_59' title='bbox 896 704 1029 758; x_wconf 84' lang='lat' dir='ltr'>facit</span> <span class='ocrx_word' id='word_1_60' title='bbox 1050 703 1317 775; x_wconf 82' lang='lat' dir='ltr'>Iuppiter!</span> <span class='ocrx_word' id='word_1_61' title='bbox 1362 703 1440 757; x_wconf 87' lang='lat' dir='ltr'>At</span> <span class='ocrx_word' id='word_1_62' title='bbox 1472 703 1658 757; x_wconf 90' lang='lat' dir='ltr'>eodem</span> <span class='ocrx_word' id='word_1_63' title='bbox 1690 706 1821 756; x_wconf 72' lang='lat' dir='ltr'>tem-</span> 
     </span>
     <span class='ocr_line' id='line_1_9' title="bbox 141 777 1821 852; baseline -0.002 -18"><span class='ocrx_word' id='word_1_64' title='bbox 141 797 274 851; x_wconf 84' lang='lat' dir='ltr'>pore</span> <span class='ocrx_word' id='word_1_65' title='bbox 311 779 529 852; x_wconf 86' lang='lat' dir='ltr'>signum</span> <span class='ocrx_word' id='word_1_66' title='bbox 565 778 712 834; x_wconf 82' lang='lat' dir='ltr'>Iovis</span> <span class='ocrx_word' id='word_1_67' title='bbox 749 779 1160 848; x_wconf 78' lang='lat' dir='ltr'>conlocabatur,</span> <span class='ocrx_word' id='word_1_68' title='bbox 1205 796 1312 848; x_wconf 92' lang='lat' dir='ltr'>quo</span> <span class='ocrx_word' id='word_1_69' title='bbox 1351 777 1649 833; x_wconf 85' lang='lat' dir='ltr'>coniuratio</span> <span class='ocrx_word' id='word_1_70' title='bbox 1689 777 1821 831; x_wconf 90' lang='lat' dir='ltr'>indi-</span> 
     </span>
     <span class='ocr_line' id='line_1_10' title="bbox 143 851 1821 908; baseline -0.002 -1"><span class='ocrx_word' id='word_1_71' title='bbox 143 853 385 908; x_wconf 69' lang='lat' dir='ltr'>cabatur.</span> <span class='ocrx_word' id='word_1_72' title='bbox 439 852 514 908; x_wconf 83' lang='lat' dir='ltr'>Et</span> <span class='ocrx_word' id='word_1_73' title='bbox 551 855 614 907; x_wconf 90' lang='lat' dir='ltr'>tu</span> <span class='ocrx_word' id='word_1_74' title='bbox 651 852 858 907; x_wconf 88' lang='lat' dir='ltr'>scilicet</span> <span class='ocrx_word' id='word_1_75' title='bbox 896 852 1068 906; x_wconf 89' lang='lat' dir='ltr'>mavis</span> <span class='ocrx_word' id='word_1_76' title='bbox 1106 852 1325 906; x_wconf 91' lang='lat' dir='ltr'>numine</span> <span class='ocrx_word' id='word_1_77' title='bbox 1364 852 1584 906; x_wconf 91' lang='lat' dir='ltr'>deorum</span> <span class='ocrx_word' id='word_1_78' title='bbox 1622 851 1678 905; x_wconf 91' lang='lat' dir='ltr'>id</span> <span class='ocrx_word' id='word_1_79' title='bbox 1715 851 1821 905; x_wconf 89' lang='lat' dir='ltr'>fac·</span> 
     </span>
     <span class='ocr_line' id='line_1_11' title="bbox 79 925 1822 998; baseline 0.001 -22"><span class='ocrx_word' id='word_1_80' title='bbox 79 942 121 976; x_wconf 83' lang='grc' dir='ltr'>ιο</span> <span class='ocrx_word' id='word_1_81' title='bbox 141 930 261 981; x_wconf 88' lang='lat' dir='ltr'>tum</span> <span class='ocrx_word' id='word_1_82' title='bbox 297 945 460 998; x_wconf 82' lang='lat' dir='ltr'>quam</span> <span class='ocrx_word' id='word_1_83' title='bbox 489 944 619 982; x_wconf 83' lang='lat' dir='ltr'>casu</span> <span class='ocrx_word' id='word_1_84' title='bbox 649 925 920 996; x_wconf 86' lang='lat' dir='ltr'>arbitrari,</span> <span class='ocrx_word' id='word_1_85' title='bbox 952 929 1006 980; x_wconf 89' lang='lat' dir='ltr'>et</span> <span class='ocrx_word' id='word_1_86' title='bbox 1036 926 1360 997; x_wconf 84' lang='lat' dir='ltr'>redemptor,</span> <span class='ocrx_word' id='word_1_87' title='bbox 1392 925 1484 996; x_wconf 88' lang='lat' dir='ltr'>qui</span> <span class='ocrx_word' id='word_1_88' title='bbox 1515 925 1822 980; x_wconf 90' lang='lat' dir='ltr'>columnam</span> 
     </span>
     <span class='ocr_line' id='line_1_12' title="bbox 141 998 1822 1070; baseline -0.002 -15"><span class='ocrx_word' id='word_1_89' title='bbox 141 1000 296 1056; x_wconf 87' lang='lat' dir='ltr'>illam</span> <span class='ocrx_word' id='word_1_90' title='bbox 335 1000 399 1055; x_wconf 93' lang='lat' dir='ltr'>de</span> <span class='ocrx_word' id='word_1_91' title='bbox 437 998 602 1056; x_wconf 86' lang='lat' dir='ltr'>Cotta</span> <span class='ocrx_word' id='word_1_92' title='bbox 639 1003 694 1054; x_wconf 92' lang='lat' dir='ltr'>et</span> <span class='ocrx_word' id='word_1_93' title='bbox 732 1000 797 1054; x_wconf 89' lang='lat' dir='ltr'>de</span> <span class='ocrx_word' id='word_1_94' title='bbox 827 999 1103 1070; x_wconf 88' lang='lat' dir='ltr'>Torquato</span> <span class='ocrx_word' id='word_1_95' title='bbox 1143 999 1470 1054; x_wconf 85' lang='lat' dir='ltr'>conduxerat</span> <span class='ocrx_word' id='word_1_96' title='bbox 1506 999 1822 1069; x_wconf 85' lang='lat' dir='ltr'>faciendam,</span> 
     </span>
     <span class='ocr_line' id='line_1_13' title="bbox 142 1073 1822 1145; baseline -0.001 -17"><span class='ocrx_word' id='word_1_97' title='bbox 142 1092 252 1130; x_wconf 88' lang='lat' dir='ltr'>non</span> <span class='ocrx_word' id='word_1_98' title='bbox 287 1074 484 1130; x_wconf 76' lang='lat' dir='ltr'>inertia</span> <span class='ocrx_word' id='word_1_99' title='bbox 521 1077 616 1129; x_wconf 81' lang='lat' dir='ltr'>aut</span> <span class='ocrx_word' id='word_1_100' title='bbox 653 1074 837 1145; x_wconf 82' lang='lat' dir='ltr'>inopia</span> <span class='ocrx_word' id='word_1_101' title='bbox 875 1074 1081 1128; x_wconf 88' lang='lat' dir='ltr'>tardior</span> <span class='ocrx_word' id='word_1_102' title='bbox 1117 1073 1237 1144; x_wconf 89' lang='lat' dir='ltr'>fuit,</span> <span class='ocrx_word' id='word_1_103' title='bbox 1275 1073 1369 1127; x_wconf 91' lang='lat' dir='ltr'>sed</span> <span class='ocrx_word' id='word_1_104' title='bbox 1407 1093 1440 1127; x_wconf 86' lang='lat' dir='ltr'>a</span> <span class='ocrx_word' id='word_1_105' title='bbox 1478 1073 1591 1127; x_wconf 90' lang='lat' dir='ltr'>deis</span> <span class='ocrx_word' id='word_1_106' title='bbox 1625 1073 1822 1126; x_wconf 90' lang='lat' dir='ltr'>inmor-</span> 
     </span>
     <span class='ocr_line' id='line_1_14' title="bbox 143 1146 1909 1217; baseline -0.001 -14"><span class='ocrx_word' id='word_1_107' title='bbox 143 1148 347 1203; x_wconf 78' lang='lat' dir='ltr'>talibus</span> <span class='ocrx_word' id='word_1_108' title='bbox 383 1148 453 1203; x_wconf 77' lang='lat' dir='ltr'>ad</span> <span class='ocrx_word' id='word_1_109' title='bbox 487 1147 653 1203; x_wconf 85' lang='lat' dir='ltr'>istam</span> <span class='ocrx_word' id='word_1_110' title='bbox 690 1147 882 1202; x_wconf 90' lang='lat' dir='ltr'>horam</span> <span class='ocrx_word' id='word_1_111' title='bbox 919 1150 1228 1202; x_wconf 84' lang='lat' dir='ltr'>reservatus</span> <span class='ocrx_word' id='word_1_112' title='bbox 1260 1150 1358 1202; x_wconf 90' lang='lat' dir='ltr'>est.</span> <span class='ocrx_word' id='word_1_113' title='bbox 1419 1146 1545 1202; x_wconf 91' lang='lat' dir='ltr'>Non</span> <span class='ocrx_word' id='word_1_114' title='bbox 1577 1147 1821 1217; x_wconf 86' lang='lat' dir='ltr'>equidem</span> <span class='ocrx_word' id='word_1_115' title='bbox 1855 1160 1909 1203; x_wconf 81' lang='grc'>48</span> 
     </span>
     <span class='ocr_line' id='line_1_15' title="bbox 143 1221 1824 1294; baseline -0.001 -18"><span class='ocrx_word' id='word_1_116' title='bbox 143 1223 306 1294; x_wconf 85' lang='lat' dir='ltr'>plane</span> <span class='ocrx_word' id='word_1_117' title='bbox 343 1222 568 1293; x_wconf 88' lang='lat' dir='ltr'>despero</span> <span class='ocrx_word' id='word_1_118' title='bbox 607 1221 717 1276; x_wconf 76' lang='lat' dir='ltr'>ista</span> <span class='ocrx_word' id='word_1_119' title='bbox 755 1239 873 1276; x_wconf 87' lang='lat' dir='ltr'>esse</span> <span class='ocrx_word' id='word_1_120' title='bbox 909 1239 1060 1291; x_wconf 82' lang='lat' dir='ltr'>vera,</span> <span class='ocrx_word' id='word_1_121' title='bbox 1106 1222 1199 1275; x_wconf 89' lang='lat' dir='ltr'>sed</span> <span class='ocrx_word' id='word_1_122' title='bbox 1237 1221 1417 1276; x_wconf 90' lang='lat' dir='ltr'>nescio</span> <span class='ocrx_word' id='word_1_123' title='bbox 1458 1224 1513 1275; x_wconf 90' lang='lat' dir='ltr'>et</span> <span class='ocrx_word' id='word_1_124' title='bbox 1551 1221 1753 1275; x_wconf 85' lang='lat' dir='ltr'>discere</span> <span class='ocrx_word' id='word_1_125' title='bbox 1791 1239 1824 1275; x_wconf 86' lang='lat' dir='ltr'>a</span> 
     </span>
     <span class='ocr_line' id='line_1_16' title="bbox 79 1295 1823 1365; baseline 0.001 -18"><span class='ocrx_word' id='word_1_126' title='bbox 79 1311 121 1347; x_wconf 76' lang='lat'>1⁵</span> <span class='ocrx_word' id='word_1_127' title='bbox 143 1299 201 1351; x_wconf 86' lang='lat' dir='ltr'>te</span> <span class='ocrx_word' id='word_1_128' title='bbox 236 1295 378 1352; x_wconf 79' lang='lat' dir='ltr'>volo.</span> <span class='ocrx_word' id='word_1_129' title='bbox 430 1295 574 1350; x_wconf 79' lang='lat' dir='ltr'>Nam</span> <span class='ocrx_word' id='word_1_130' title='bbox 613 1314 735 1350; x_wconf 89' lang='lat' dir='ltr'>cum</span> <span class='ocrx_word' id='word_1_131' title='bbox 772 1295 909 1349; x_wconf 91' lang='lat' dir='ltr'>mihi</span> <span class='ocrx_word' id='word_1_132' title='bbox 947 1295 1210 1365; x_wconf 83' lang='lat' dir='ltr'>quaedam</span> <span class='ocrx_word' id='word_1_133' title='bbox 1249 1314 1375 1350; x_wconf 88' lang='lat' dir='ltr'>casu</span> <span class='ocrx_word' id='word_1_134' title='bbox 1407 1295 1716 1349; x_wconf 86' lang='lat' dir='ltr'>viderentur</span> <span class='ocrx_word' id='word_1_135' title='bbox 1747 1295 1823 1349; x_wconf 88' lang='lat' dir='ltr'>sic</span> 
     </span>
     <span class='ocr_line' id='line_1_17' title="bbox 144 1369 1820 1440; baseline -0.002 -15"><span class='ocrx_word' id='word_1_136' title='bbox 144 1369 380 1437; x_wconf 81' lang='lat' dir='ltr'>evenire,</span> <span class='ocrx_word' id='word_1_137' title='bbox 431 1372 494 1424; x_wconf 89' lang='lat' dir='ltr'>ut</span> <span class='ocrx_word' id='word_1_138' title='bbox 545 1370 823 1440; x_wconf 85' lang='lat' dir='ltr'>praedicta</span> <span class='ocrx_word' id='word_1_139' title='bbox 875 1373 1056 1423; x_wconf 87' lang='lat' dir='ltr'>essent</span> <span class='ocrx_word' id='word_1_140' title='bbox 1108 1388 1140 1423; x_wconf 83' lang='lat' dir='ltr'>a</span> <span class='ocrx_word' id='word_1_141' title='bbox 1195 1369 1585 1439; x_wconf 84' lang='lat' dir='ltr'>divinantibus,</span> <span class='ocrx_word' id='word_1_142' title='bbox 1638 1369 1820 1422; x_wconf 88' lang='lat' dir='ltr'>dixisti</span> 
     </span>
     <span class='ocr_line' id='line_1_18' title="bbox 145 1442 1823 1514; baseline -0.001 -16"><span class='ocrx_word' id='word_1_143' title='bbox 145 1443 320 1499; x_wconf 75' lang='lat' dir='ltr'>mults</span> <span class='ocrx_word' id='word_1_144' title='bbox 355 1443 421 1499; x_wconf 88' lang='lat' dir='ltr'>de</span> <span class='ocrx_word' id='word_1_145' title='bbox 459 1461 601 1514; x_wconf 79' lang='lat' dir='ltr'>casu,</span> <span class='ocrx_word' id='word_1_146' title='bbox 639 1447 701 1498; x_wconf 91' lang='lat' dir='ltr'>ut</span> <span class='ocrx_word' id='word_1_147' title='bbox 730 1442 1022 1497; x_wconf 89' lang='lat' dir='ltr'>Venerium</span> <span class='ocrx_word' id='word_1_148' title='bbox 1058 1443 1162 1498; x_wconf 91' lang='lat' dir='ltr'>iaci</span> <span class='ocrx_word' id='word_1_149' title='bbox 1199 1462 1360 1514; x_wconf 88' lang='lat' dir='ltr'>posse</span> <span class='ocrx_word' id='word_1_150' title='bbox 1398 1461 1527 1498; x_wconf 88' lang='lat' dir='ltr'>casu</span> <span class='ocrx_word' id='word_1_151' title='bbox 1566 1446 1823 1514; x_wconf 86' lang='lat' dir='ltr'>quattuor</span> 
     </span>
     <span class='ocr_line' id='line_1_19' title="bbox 145 1516 1822 1589; baseline -0.002 -16"><span class='ocrx_word' id='word_1_152' title='bbox 145 1517 274 1573; x_wconf 75' lang='lat' dir='ltr'>talis</span> <span class='ocrx_word' id='word_1_153' title='bbox 297 1517 471 1588; x_wconf 85' lang='lat' dir='ltr'>iactis,</span> <span class='ocrx_word' id='word_1_154' title='bbox 492 1518 585 1572; x_wconf 87' lang='lat' dir='ltr'>sed</span> <span class='ocrx_word' id='word_1_155' title='bbox 609 1517 1017 1589; x_wconf 82' lang='lat' dir='ltr'>quadringentis</span> <span class='ocrx_word' id='word_1_156' title='bbox 1036 1520 1250 1571; x_wconf 88' lang='lat' dir='ltr'>centum</span> <span class='ocrx_word' id='word_1_157' title='bbox 1259 1516 1520 1572; x_wconf 87' lang='lat' dir='ltr'>Venerios</span> <span class='ocrx_word' id='word_1_158' title='bbox 1537 1535 1646 1572; x_wconf 94' lang='lat' dir='ltr'>non</span> <span class='ocrx_word' id='word_1_159' title='bbox 1662 1535 1822 1588; x_wconf 89' lang='lat' dir='ltr'>posse</span> 
     </span>
     <span class='ocr_line' id='line_1_20' title="bbox 145 1591 1822 1662; baseline -0.002 -15"><span class='ocrx_word' id='word_1_160' title='bbox 145 1609 273 1648; x_wconf 75' lang='lat' dir='ltr'>casu</span> <span class='ocrx_word' id='word_1_161' title='bbox 310 1592 619 1646; x_wconf 81' lang='lat' dir='ltr'>consistere.</span> <span class='ocrx_word' id='word_1_162' title='bbox 679 1591 922 1644; x_wconf 87' lang='lat' dir='ltr'>Primum</span> <span class='ocrx_word' id='word_1_163' title='bbox 959 1592 1156 1660; x_wconf 90' lang='lat' dir='ltr'>nescio,</span> <span class='ocrx_word' id='word_1_164' title='bbox 1195 1610 1288 1646; x_wconf 90' lang='lat' dir='ltr'>cur</span> <span class='ocrx_word' id='word_1_165' title='bbox 1324 1610 1435 1645; x_wconf 92' lang='lat' dir='ltr'>non</span> <span class='ocrx_word' id='word_1_166' title='bbox 1463 1591 1690 1662; x_wconf 90' lang='lat' dir='ltr'>possint,</span> <span class='ocrx_word' id='word_1_167' title='bbox 1729 1591 1822 1645; x_wconf 89' lang='lat' dir='ltr'>sed</span> 
     </span>
     <span class='ocr_line' id='line_1_21' title="bbox 79 1664 1822 1738; baseline -0.001 -18"><span class='ocrx_word' id='word_1_168' title='bbox 79 1681 122 1714; x_wconf 66' lang='grc' dir='ltr'>ὀ</span> <span class='ocrx_word' id='word_1_169' title='bbox 143 1683 253 1720; x_wconf 88' lang='lat' dir='ltr'>non</span> <span class='ocrx_word' id='word_1_170' title='bbox 282 1682 490 1738; x_wconf 80' lang='lat' dir='ltr'>pugn03</span> <span class='ocrx_word' id='word_1_171' title='bbox 528 1665 770 1719; x_wconf 86' lang='lat' dir='ltr'>abundas</span> <span class='ocrx_word' id='word_1_172' title='bbox 803 1665 945 1718; x_wconf 91' lang='lat' dir='ltr'>enim</span> <span class='ocrx_word' id='word_1_173' title='bbox 976 1665 1260 1719; x_wconf 88' lang='lat' dir='ltr'>similibus.</span> <span class='ocrx_word' id='word_1_174' title='bbox 1317 1664 1502 1719; x_wconf 86' lang='lat' dir='ltr'>Habes</span> <span class='ocrx_word' id='word_1_175' title='bbox 1534 1669 1589 1719; x_wconf 92' lang='lat' dir='ltr'>et</span> <span class='ocrx_word' id='word_1_176' title='bbox 1619 1683 1822 1735; x_wconf 90' lang='lat' dir='ltr'>resper-</span> 
     </span>
     <span class='ocr_line' id='line_1_22' title="bbox 144 1739 1821 1811; baseline -0.001 -18"><span class='ocrx_word' id='word_1_177' title='bbox 144 1739 351 1794; x_wconf 87' lang='lat' dir='ltr'>sionem</span> <span class='ocrx_word' id='word_1_178' title='bbox 382 1739 786 1811; x_wconf 84' lang='lat' dir='ltr'>pigmentorum</span> <span class='ocrx_word' id='word_1_179' title='bbox 817 1742 871 1792; x_wconf 90' lang='lat' dir='ltr'>et</span> <span class='ocrx_word' id='word_1_180' title='bbox 902 1742 1140 1793; x_wconf 88' lang='lat' dir='ltr'>rostrum</span> <span class='ocrx_word' id='word_1_181' title='bbox 1172 1739 1284 1792; x_wconf 89' lang='lat' dir='ltr'>suis</span> <span class='ocrx_word' id='word_1_182' title='bbox 1316 1741 1371 1792; x_wconf 89' lang='lat' dir='ltr'>et</span> <span class='ocrx_word' id='word_1_183' title='bbox 1403 1739 1512 1793; x_wconf 83' lang='lat' dir='ltr'>alia</span> <span class='ocrx_word' id='word_1_184' title='bbox 1537 1740 1821 1810; x_wconf 88' lang='lat' dir='ltr'>permulta.</span> 
     </span>
     <span class='ocr_line' id='line_1_23' title="bbox 144 1811 1819 1884; baseline -0.001 -17"><span class='ocrx_word' id='word_1_185' title='bbox 144 1812 295 1870; x_wconf 85' lang='lat' dir='ltr'>Idem</span> <span class='ocrx_word' id='word_1_186' title='bbox 319 1811 652 1868; x_wconf 78' lang='lat' dir='ltr'>Carneadem</span> <span class='ocrx_word' id='word_1_187' title='bbox 689 1813 894 1884; x_wconf 87' lang='lat' dir='ltr'>fingere</span> <span class='ocrx_word' id='word_1_188' title='bbox 933 1813 1064 1867; x_wconf 91' lang='lat' dir='ltr'>dicis</span> <span class='ocrx_word' id='word_1_189' title='bbox 1098 1813 1161 1867; x_wconf 89' lang='lat' dir='ltr'>de</span> <span class='ocrx_word' id='word_1_190' title='bbox 1192 1812 1368 1884; x_wconf 89' lang='lat' dir='ltr'>capite</span> <span class='ocrx_word' id='word_1_191' title='bbox 1391 1812 1629 1882; x_wconf 83' lang='lat' dir='ltr'>Panisci3</span> <span class='ocrx_word' id='word_1_192' title='bbox 1668 1813 1819 1883; x_wconf 86' lang='lat' dir='ltr'>quasi</span> 
     </span>
     <span class='ocr_line' id='line_1_24' title="bbox 143 1886 1821 1958; baseline -0.001 -16"><span class='ocrx_word' id='word_1_193' title='bbox 143 1904 254 1942; x_wconf 83' lang='lat' dir='ltr'>non</span> <span class='ocrx_word' id='word_1_194' title='bbox 304 1886 544 1958; x_wconf 84' lang='lat' dir='ltr'>potuerit</span> <span class='ocrx_word' id='word_1_195' title='bbox 595 1886 652 1940; x_wconf 91' lang='lat' dir='ltr'>id</span> <span class='ocrx_word' id='word_1_196' title='bbox 701 1887 912 1941; x_wconf 81' lang='lat' dir='ltr'>evenire</span> <span class='ocrx_word' id='word_1_197' title='bbox 962 1905 1089 1941; x_wconf 91' lang='lat' dir='ltr'>casu</span> <span class='ocrx_word' id='word_1_198' title='bbox 1135 1890 1189 1940; x_wconf 87' lang='lat' dir='ltr'>et</span> <span class='ocrx_word' id='word_1_199' title='bbox 1233 1905 1344 1941; x_wconf 93' lang='lat' dir='ltr'>non</span> <span class='ocrx_word' id='word_1_200' title='bbox 1389 1887 1448 1940; x_wconf 93' lang='lat' dir='ltr'>in</span> <span class='ocrx_word' id='word_1_201' title='bbox 1493 1887 1640 1941; x_wconf 92' lang='lat' dir='ltr'>omni</span> <span class='ocrx_word' id='word_1_202' title='bbox 1685 1906 1821 1940; x_wconf 88' lang='lat' dir='ltr'>mar·</span> 
     </span>
     <span class='ocr_line' id='line_1_25' title="bbox 146 1960 1819 2030; baseline -0.002 -15"><span class='ocrx_word' id='word_1_203' title='bbox 146 1979 297 2016; x_wconf 88' lang='lat' dir='ltr'>more</span> <span class='ocrx_word' id='word_1_204' title='bbox 323 1979 540 2016; x_wconf 87' lang='lat' dir='ltr'>necesse</span> <span class='ocrx_word' id='word_1_205' title='bbox 571 1961 645 2014; x_wconf 91' lang='lat' dir='ltr'>sit</span> <span class='ocrx_word' id='word_1_206' title='bbox 674 1960 850 2014; x_wconf 90' lang='lat' dir='ltr'>inesse</span> <span class='ocrx_word' id='word_1_207' title='bbox 882 1961 968 2014; x_wconf 86' lang='lat' dir='ltr'>vel</span> <span class='ocrx_word' id='word_1_208' title='bbox 993 1960 1287 2015; x_wconf 84' lang='lat' dir='ltr'>Praxitelia</span> <span class='ocrx_word' id='word_1_209' title='bbox 1311 1961 1513 2030; x_wconf 86' lang='lat' dir='ltr'>capita!</span> <span class='ocrx_word' id='word_1_210' title='bbox 1552 1960 1656 2015; x_wconf 80' lang='lat' dir='ltr'>Illa</span> <span class='ocrx_word' id='word_1_211' title='bbox 1681 1961 1819 2014; x_wconf 88' lang='lat' dir='ltr'>enim</span> 
     </span>
     <span class='ocr_line' id='line_1_26' title="bbox 81 2034 1820 2106; baseline 0.001 -22"><span class='ocrx_word' id='word_1_212' title='bbox 81 2048 124 2084; x_wconf 71' lang='grc' dir='ltr'>ιο</span> <span class='ocrx_word' id='word_1_213' title='bbox 145 2034 266 2106; x_wconf 76' lang='lat' dir='ltr'>ipsa</span> <span class='ocrx_word' id='word_1_214' title='bbox 290 2035 594 2089; x_wconf 84' lang='lat' dir='ltr'>efficiuntur</span> <span class='ocrx_word' id='word_1_215' title='bbox 618 2034 962 2104; x_wconf 85' lang='lat' dir='ltr'>detractione,</span> <span class='ocrx_word' id='word_1_216' title='bbox 993 2052 1164 2104; x_wconf 89' lang='lat' dir='ltr'>neque</span> <span class='ocrx_word' id='word_1_217' title='bbox 1190 2035 1475 2104; x_wconf 89' lang='lat' dir='ltr'>quicquam</span> <span class='ocrx_word' id='word_1_218' title='bbox 1498 2034 1628 2088; x_wconf 87' lang='lat' dir='ltr'>illuc</span> <span class='ocrx_word' id='word_1_219' title='bbox 1654 2034 1820 2088; x_wconf 84' lang='lat' dir='ltr'>adfer-</span> 
     </span>
     <span class='ocr_line' id='line_1_27' title="bbox 147 2107 1823 2178; baseline -0.001 -16"><span class='ocrx_word' id='word_1_220' title='bbox 147 2111 238 2162; x_wconf 89' lang='lat' dir='ltr'>tur</span> <span class='ocrx_word' id='word_1_221' title='bbox 282 2128 317 2162; x_wconf 61' lang='grc' dir='ltr'>ει</span> <span class='ocrx_word' id='word_1_222' title='bbox 351 2108 647 2178; x_wconf 82' lang='lat' dir='ltr'>Praxitele3</span> <span class='ocrx_word' id='word_1_223' title='bbox 696 2107 791 2161; x_wconf 90' lang='lat' dir='ltr'>sed</span> <span class='ocrx_word' id='word_1_224' title='bbox 836 2126 957 2161; x_wconf 92' lang='lat' dir='ltr'>cum</span> <span class='ocrx_word' id='word_1_225' title='bbox 1004 2109 1178 2162; x_wconf 84' lang='lat' dir='ltr'>multa</span> <span class='ocrx_word' id='word_1_226' title='bbox 1217 2111 1342 2161; x_wconf 91' lang='lat' dir='ltr'>sunt</span> <span class='ocrx_word' id='word_1_227' title='bbox 1382 2108 1624 2162; x_wconf 87' lang='lat' dir='ltr'>detracta</span> <span class='ocrx_word' id='word_1_228' title='bbox 1662 2111 1717 2161; x_wconf 90' lang='lat' dir='ltr'>et</span> <span class='ocrx_word' id='word_1_229' title='bbox 1756 2108 1823 2161; x_wconf 84' lang='lat' dir='ltr'>ad</span> 
     </span>
     <span class='ocr_line' id='line_1_28' title="bbox 147 2181 1821 2253; baseline -0.001 -18"><span class='ocrx_word' id='word_1_230' title='bbox 147 2181 466 2236; x_wconf 78' lang='lat' dir='ltr'>liniamenta</span> <span class='ocrx_word' id='word_1_231' title='bbox 511 2181 620 2236; x_wconf 90' lang='lat' dir='ltr'>oris</span> <span class='ocrx_word' id='word_1_232' title='bbox 666 2184 983 2251; x_wconf 86' lang='lat' dir='ltr'>perventum</span> <span class='ocrx_word' id='word_1_233' title='bbox 1030 2184 1135 2251; x_wconf 86' lang='lat' dir='ltr'>est,</span> <span class='ocrx_word' id='word_1_234' title='bbox 1180 2183 1299 2235; x_wconf 84' lang='lat' dir='ltr'>tum</span> <span class='ocrx_word' id='word_1_235' title='bbox 1343 2181 1633 2253; x_wconf 87' lang='lat' dir='ltr'>intellegas</span> <span class='ocrx_word' id='word_1_236' title='bbox 1672 2181 1821 2251; x_wconf 92' lang='lat' dir='ltr'>illud,</span> 
     </span>
     <span class='ocr_line' id='line_1_29' title="bbox 148 2253 1909 2326; baseline -0.001 -16"><span class='ocrx_word' id='word_1_237' title='bbox 148 2255 292 2326; x_wconf 88' lang='lat' dir='ltr'>quod</span> <span class='ocrx_word' id='word_1_238' title='bbox 334 2255 445 2310; x_wconf 83' lang='lat' dir='ltr'>iam</span> <span class='ocrx_word' id='word_1_239' title='bbox 491 2255 788 2326; x_wconf 86' lang='lat' dir='ltr'>expolitum</span> <span class='ocrx_word' id='word_1_240' title='bbox 835 2256 930 2325; x_wconf 91' lang='lat' dir='ltr'>sit,</span> <span class='ocrx_word' id='word_1_241' title='bbox 975 2255 1123 2308; x_wconf 87' lang='lat' dir='ltr'>intus</span> <span class='ocrx_word' id='word_1_242' title='bbox 1167 2255 1349 2309; x_wconf 88' lang='lat' dir='ltr'>fuisse.</span> <span class='ocrx_word' id='word_1_243' title='bbox 1417 2255 1608 2309; x_wconf 88' lang='lat' dir='ltr'>Potest</span> <span class='ocrx_word' id='word_1_244' title='bbox 1653 2255 1823 2326; x_wconf 82' lang='lat' dir='ltr'>igitur</span> <span class='ocrx_word' id='word_1_245' title='bbox 1847 2253 1909 2309; x_wconf 77' lang='lat'>&#39;49</span> 
     </span>
     <span class='ocr_line' id='line_1_30' title="bbox 148 2328 1823 2400; baseline -0.001 -16"><span class='ocrx_word' id='word_1_246' title='bbox 148 2329 260 2384; x_wconf 82' lang='lat' dir='ltr'>tale</span> <span class='ocrx_word' id='word_1_247' title='bbox 305 2328 510 2400; x_wconf 79' lang='lat' dir='ltr'>aliquid</span> <span class='ocrx_word' id='word_1_248' title='bbox 557 2329 721 2383; x_wconf 91' lang='lat' dir='ltr'>etiam</span> <span class='ocrx_word' id='word_1_249' title='bbox 760 2346 859 2382; x_wconf 85' lang='lat' dir='ltr'>sua</span> <span class='ocrx_word' id='word_1_250' title='bbox 898 2331 1090 2398; x_wconf 85' lang='lat' dir='ltr'>sponte</span> <span class='ocrx_word' id='word_1_251' title='bbox 1128 2328 1185 2382; x_wconf 93' lang='lat' dir='ltr'>in</span> <span class='ocrx_word' id='word_1_252' title='bbox 1222 2328 1524 2399; x_wconf 89' lang='lat' dir='ltr'>lapicidinis</span> <span class='ocrx_word' id='word_1_253' title='bbox 1565 2328 1823 2383; x_wconf 86' lang='lat' dir='ltr'>Chiorum</span> 
     </span>
     <span class='ocr_line' id='line_1_31' title="bbox 81 2400 1822 2472; baseline 0.002 -20"><span class='ocrx_word' id='word_1_254' title='bbox 81 2416 125 2452; x_wconf 74' lang='lat' dir='ltr'>so</span> <span class='ocrx_word' id='word_1_255' title='bbox 148 2402 406 2457; x_wconf 84' lang='lat' dir='ltr'>extitisse.</span> <span class='ocrx_word' id='word_1_256' title='bbox 466 2400 570 2456; x_wconf 85' lang='lat' dir='ltr'>Sed</span> <span class='ocrx_word' id='word_1_257' title='bbox 608 2403 682 2456; x_wconf 89' lang='lat' dir='ltr'>sit</span> <span class='ocrx_word' id='word_1_258' title='bbox 718 2402 822 2456; x_wconf 87' lang='lat' dir='ltr'>hoc</span> <span class='ocrx_word' id='word_1_259' title='bbox 859 2401 1066 2471; x_wconf 83' lang='lat' dir='ltr'>fictum3</span> <span class='ocrx_word' id='word_1_260' title='bbox 1105 2402 1269 2472; x_wconf 81' lang='lat' dir='ltr'>quid?</span> <span class='ocrx_word' id='word_1_261' title='bbox 1308 2402 1363 2456; x_wconf 91' lang='lat' dir='ltr'>in</span> <span class='ocrx_word' id='word_1_262' title='bbox 1401 2403 1635 2456; x_wconf 89' lang='lat' dir='ltr'>nubibus</span> <span class='ocrx_word' id='word_1_263' title='bbox 1673 2422 1822 2456; x_wconf 90' lang='lat' dir='ltr'>num·</span> 
     </span>
     <span class='ocr_line' id='line_1_32' title="bbox 147 2475 1821 2547; baseline -0.001 -16"><span class='ocrx_word' id='word_1_264' title='bbox 147 2494 310 2547; x_wconf 85' lang='lat' dir='ltr'>quam</span> <span class='ocrx_word' id='word_1_265' title='bbox 341 2475 772 2531; x_wconf 80' lang='lat' dir='ltr'>animadvertisti</span> <span class='ocrx_word' id='word_1_266' title='bbox 803 2475 973 2529; x_wconf 91' lang='lat' dir='ltr'>leonis</span> <span class='ocrx_word' id='word_1_267' title='bbox 1000 2475 1232 2529; x_wconf 87' lang='lat' dir='ltr'>formam</span> <span class='ocrx_word' id='word_1_268' title='bbox 1257 2479 1351 2530; x_wconf 85' lang='lat' dir='ltr'>aut</span> <span class='ocrx_word' id='word_1_269' title='bbox 1376 2476 1821 2546; x_wconf 78' lang='lat' dir='ltr'>hippocentauri?</span> 
     </span>
     <span class='ocr_line' id='line_1_33' title="bbox 145 2548 1821 2622; baseline 0 -18"><span class='ocrx_word' id='word_1_270' title='bbox 145 2549 337 2604; x_wconf 89' lang='lat' dir='ltr'>Potest</span> <span class='ocrx_word' id='word_1_271' title='bbox 380 2549 570 2621; x_wconf 87' lang='lat' dir='ltr'>igitur,</span> <span class='ocrx_word' id='word_1_272' title='bbox 624 2548 766 2620; x_wconf 90' lang='lat' dir='ltr'>quod</span> <span class='ocrx_word' id='word_1_273' title='bbox 812 2549 971 2604; x_wconf 89' lang='lat' dir='ltr'>modo</span> <span class='ocrx_word' id='word_1_274' title='bbox 1014 2550 1280 2622; x_wconf 83' lang='lat' dir='ltr'>negabas,</span> <span class='ocrx_word' id='word_1_275' title='bbox 1335 2551 1620 2604; x_wconf 88' lang='lat' dir='ltr'>veritatem</span> <span class='ocrx_word' id='word_1_276' title='bbox 1666 2568 1821 2605; x_wconf 86' lang='lat' dir='ltr'>casus</span> 
     </span>
     <span class='ocr_line' id='line_1_34' title="bbox 146 2623 366 2678; baseline -0.005 0"><span class='ocrx_word' id='word_1_277' title='bbox 146 2623 366 2678; x_wconf 82' lang='lat' dir='ltr'>imitari.</span> 
     </span>
     <span class='ocr_line' id='line_1_35' title="bbox 257 2695 1908 2769; baseline 0.001 -17"><span class='ocrx_word' id='word_1_278' title='bbox 257 2695 361 2752; x_wconf 87' lang='lat' dir='ltr'>Sed</span> <span class='ocrx_word' id='word_1_279' title='bbox 406 2696 660 2768; x_wconf 92' lang='lat' dir='ltr'>quoniam</span> <span class='ocrx_word' id='word_1_280' title='bbox 706 2697 770 2751; x_wconf 89' lang='lat' dir='ltr'>de</span> <span class='ocrx_word' id='word_1_281' title='bbox 817 2697 954 2751; x_wconf 85' lang='lat' dir='ltr'>extis</span> <span class='ocrx_word' id='word_1_282' title='bbox 999 2700 1054 2752; x_wconf 87' lang='lat' dir='ltr'>et</span> <span class='ocrx_word' id='word_1_283' title='bbox 1100 2697 1164 2752; x_wconf 90' lang='lat' dir='ltr'>de</span> <span class='ocrx_word' id='word_1_284' title='bbox 1208 2697 1514 2769; x_wconf 82' lang='lat' dir='ltr'>fulgoribus</span> <span class='ocrx_word' id='word_1_285' title='bbox 1562 2698 1695 2751; x_wconf 87' lang='lat' dir='ltr'>satis</span> <span class='ocrx_word' id='word_1_286' title='bbox 1735 2701 1819 2753; x_wconf 90' lang='lat' dir='ltr'>est</span> <span class='ocrx_word' id='word_1_287' title='bbox 1839 2700 1908 2753; x_wconf 81' lang='lat'>22</span> 
     </span>
     <span class='ocr_line' id='line_1_36' title="bbox 82 2770 1819 2842; baseline -0.001 -17"><span class='ocrx_word' id='word_1_288' title='bbox 82 2783 125 2819; x_wconf 65' lang='grc' dir='ltr'>δῦ</span> <span class='ocrx_word' id='word_1_289' title='bbox 149 2770 503 2842; x_wconf 85' lang='lat' dir='ltr'>disputatum,</span> <span class='ocrx_word' id='word_1_290' title='bbox 553 2774 768 2825; x_wconf 85' lang='lat' dir='ltr'>ostenta</span> <span class='ocrx_word' id='word_1_291' title='bbox 815 2774 1045 2841; x_wconf 87' lang='lat' dir='ltr'>restant,</span> <span class='ocrx_word' id='word_1_292' title='bbox 1094 2775 1157 2826; x_wconf 90' lang='lat' dir='ltr'>ut</span> <span class='ocrx_word' id='word_1_293' title='bbox 1201 2774 1320 2825; x_wconf 87' lang='lat' dir='ltr'>tota</span> <span class='ocrx_word' id='word_1_294' title='bbox 1364 2772 1710 2842; x_wconf 88' lang='lat' dir='ltr'>haruspicina</span> <span class='ocrx_word' id='word_1_295' title='bbox 1747 2772 1819 2825; x_wconf 86' lang='lat' dir='ltr'>sit</span> 
     </span>
     <span class='ocr_line' id='line_1_37' title="bbox 148 2844 1822 2915; baseline 0.001 -17"><span class='ocrx_word' id='word_1_296' title='bbox 148 2847 493 2915; x_wconf 82' lang='lat' dir='ltr'>pertractata.</span> <span class='ocrx_word' id='word_1_297' title='bbox 553 2844 733 2899; x_wconf 84' lang='lat' dir='ltr'>Mulae</span> <span class='ocrx_word' id='word_1_298' title='bbox 770 2847 960 2915; x_wconf 88' lang='lat' dir='ltr'>partus</span> <span class='ocrx_word' id='word_1_299' title='bbox 997 2846 1244 2915; x_wconf 89' lang='lat' dir='ltr'>prolatus</span> <span class='ocrx_word' id='word_1_300' title='bbox 1284 2848 1367 2899; x_wconf 89' lang='lat' dir='ltr'>est</span> <span class='ocrx_word' id='word_1_301' title='bbox 1399 2864 1431 2899; x_wconf 78' lang='lat' dir='ltr'>a</span> <span class='ocrx_word' id='word_1_302' title='bbox 1465 2849 1534 2900; x_wconf 90' lang='lat' dir='ltr'>te.</span> <span class='ocrx_word' id='word_1_303' title='bbox 1587 2845 1694 2900; x_wconf 87' lang='lat' dir='ltr'>Res</span> <span class='ocrx_word' id='word_1_304' title='bbox 1728 2847 1822 2899; x_wconf 89' lang='lat' dir='ltr'>mi·</span> 
     </span>
     <span class='ocr_line' id='line_1_38' title="bbox 150 2918 1822 2991; baseline 0.001 -20"><span class='ocrx_word' id='word_1_305' title='bbox 150 2918 354 2988; x_wconf 68' lang='lat' dir='ltr'>rabilis,</span> <span class='ocrx_word' id='word_1_306' title='bbox 389 2921 678 2990; x_wconf 81' lang='lat' dir='ltr'>propterea</span> <span class='ocrx_word' id='word_1_307' title='bbox 714 2919 841 2988; x_wconf 80' lang='lat' dir='ltr'>quia</span> <span class='ocrx_word' id='word_1_308' title='bbox 875 2937 987 2973; x_wconf 88' lang='lat' dir='ltr'>non</span> <span class='ocrx_word' id='word_1_309' title='bbox 1023 2937 1183 2990; x_wconf 90' lang='lat' dir='ltr'>saepe</span> <span class='ocrx_word' id='word_1_310' title='bbox 1220 2920 1306 2991; x_wconf 81' lang='lat' dir='ltr'>fit3</span> <span class='ocrx_word' id='word_1_311' title='bbox 1344 2919 1438 2974; x_wconf 89' lang='lat' dir='ltr'>sed</span> <span class='ocrx_word' id='word_1_312' title='bbox 1476 2919 1524 2973; x_wconf 87' lang='lat' dir='ltr'>si</span> <span class='ocrx_word' id='word_1_313' title='bbox 1559 2920 1678 2975; x_wconf 84' lang='lat' dir='ltr'>fieri</span> <span class='ocrx_word' id='word_1_314' title='bbox 1712 2938 1822 2974; x_wconf 88' lang='lat' dir='ltr'>non</span> 
     </span>
    </p>
   </div>
  </div>
 </body>
</html>
