2002 3178
546 161 660 208 ΜΒ.
692 161 727 209 1.
760 161 887 208 GAP.
919 167 1108 208 34—36.
1140 166 1165 216 s
1198 166 1386 207 75—80.
1703 159 1809 212 175

129 287 294 354 taque
336 282 395 336 in
430 281 596 336 Italia
638 281 814 336 factos
861 300 1001 353 esse,
1046 284 1109 336 ut
1146 282 1318 335 multa
1357 281 1556 352 oppida
1593 298 1809 336 conrue-

129 357 257 427 rint,
286 356 474 410 multis
505 355 639 410 locis
670 357 822 410 labes
851 356 1028 410 factae
1060 356 1171 410 sint
1201 359 1484 418 terraeque
1509 355 1811 408 desederint

129 430 458 501 fluminaque
515 429 574 484 in
633 429 932 484 contrarias
993 432 1178 501 partes
1232 429 1486 483 fluxerint
1539 432 1702 499 atque
1755 432 1811 481 in

131 522 316 559 amnes
354 521 503 558 mare
540 503 828 557 influxerit.

85 593 108 627 5
240 577 405 631 Fiunt
457 580 635 632 certae
689 577 1083 632 divinationum
1135 577 1472 632 coniecturae
1526 596 1558 630 a
1606 576 1811 648 peritis,
1829 585 1898 638 36

129 651 308 706 Midae
345 651 431 705 illi
459 650 683 723 Phrygi,
722 670 843 706 cum
872 670 1006 722 puer
1037 654 1195 722 esset,
1234 651 1524 705 dormienti
1554 650 1812 705 formicae

129 725 188 780 in
229 743 290 780 os
326 724 498 780 tritici
544 743 715 797 grana
764 728 1165 796 congesserunt.
1240 724 1658 779 Divitissumum
1695 724 1812 778 fore

129 799 464 872 praedictum
485 802 608 869 'est3
646 799 789 869 quod
823 799 1017 853 evenit.
1071 799 1149 852 At
1170 798 1391 853 Platoni
1422 818 1544 853 cum
1573 799 1632 852 in
1662 798 1812 852 cunis

130 873 357 944 parvulo
389 873 678 927 dormienti
709 891 838 943 apes
860 873 919 926 in
941 873 1157 926 labellis
1181 873 1565 942 consedissent,
1595 890 1812 943 respon-

69 962 110 995 ιο
132 965 252 1001 sum
290 949 375 1001 est
411 946 677 1018 singulari
715 946 873 1000 illum
911 947 1180 1000 suavitate
1221 947 1485 1001 orationis
1522 946 1654 1001 fore.
1724 946 1812 999 Ita

129 1020 315 1075 futura
353 1020 663 1090 eloquentia
698 1020 919 1091 provisa
956 1021 1014 1074 in
1050 1020 1258 1074 infante
1294 1024 1392 1075 est.
1454 1019 1629 1083 Quid?
1670 1038 1812 1074 amo·

130 1113 218 1150 res
264 1113 327 1150 ac
373 1094 595 1149 deliciae
632 1097 782 1165 tuae,
827 1094 1055 1148 Roscius
1064 1137 1078 1164 ,
1122 1113 1252 1148 num
1293 1098 1387 1148 aut
1425 1095 1541 1165 ipse
1581 1097 1676 1148 aut
1713 1112 1812 1163 pro

131 1187 195 1224 eo
231 1167 535 1223 Lanuvium
579 1171 758 1222 totum
804 1169 1204 1223 mentiebatur?
1268 1167 1370 1232 Qui
1417 1187 1539 1223 cum
1578 1172 1720 1222 esset
1757 1168 1814 1221 in

132 1242 411 1298 cunabulis
458 1242 879 1312 educareturque
924 1243 980 1295 in
1027 1240 1247 1297 Solonio
1256 1286 1270 1311 ,
1325 1243 1417 1312 qui
1463 1246 1546 1296 est
1592 1260 1812 1313 campus

68 1331 109 1364 1⁵
133 1317 254 1389 agri
290 1315 578 1386 Lanuvini,
621 1319 787 1370 noctu
832 1316 1034 1370 lumine
1081 1317 1331 1387 apposito
1372 1320 1684 1387 experrecta
1720 1335 1813 1370 nu·

132 1390 242 1445 trix
279 1390 661 1445 animadvertit
698 1409 925 1461 puerum
964 1390 1318 1444 dormientem
1350 1391 1813 1461 circumplicatum

134 1464 398 1536 serpentis
445 1465 711 1535 amplexu.
788 1463 904 1528 Quo
957 1467 1180 1535 aspectu
1227 1465 1485 1519 exterrita
1522 1466 1814 1519 clamorem

133 1539 380 1593 sustulit·
437 1537 602 1593 Pater
651 1541 833 1592 autem
877 1537 1061 1593 Roscii
1111 1539 1179 1593 ad
1223 1539 1537 1610 haruspices
1585 1539 1814 1608 rettulit,

133 1612 227 1683 qui
269 1612 664 1683 responderunt
707 1612 846 1666 nihil
889 1612 986 1666 illo
1024 1631 1189 1683 puero
1230 1613 1451 1684 clariuS,
1487 1613 1627 1667 nihil
1664 1613 1814 1667 nobi-

67 1701 110 1735 20
133 1687 240 1740 lius
284 1685 416 1740 fore.
492 1686 674 1756 Atque
711 1686 852 1741 hanc
891 1687 1123 1757 speciem
1160 1686 1425 1740 Pasiteles
1464 1687 1696 1741 caelavit
1734 1706 1815 1741 ar·

134 1762 297 1833 gento
329 1763 386 1814 et
406 1763 592 1814 noster
617 1760 883 1831 expressit
907 1760 1138 1814 Archias
1162 1761 1425 1815 versibus.
1484 1759 1622 1824 Quid
1646 1761 1815 1832 igitur

133 1834 513 1906 expectamus?
553 1852 624 1889 an
662 1834 789 1887 dum
822 1834 881 1887 in
910 1834 1030 1889 foro
1059 1835 1345 1889 nobiscum·
1377 1835 1431 1888 di
1461 1835 1814 1905 immortales,

132 1908 260 1963 dum
295 1907 355 1962 in
390 1907 494 1963 viis
531 1911 829 1979 versentur,
867 1908 994 1962 dum
1026 1908 1208 1964 domi?
1249 1909 1342 1980 qui
1374 1908 1590 1979 quidem
1619 1909 1726 1980 ipsi
1756 1927 1814 1964 se

130 1981 288 2037 nobis
340 2000 454 2036 non
498 1982 752 2053 offerunt,
803 1982 916 2037 vim
962 1986 1145 2036 autem
1190 2001 1345 2037 suam
1389 1985 1550 2055 longe
1598 1984 1814 2054 lateque

67 2068 110 2104 ²5
132 2055 459 2126 diffundunt,
498 2074 662 2126 quam
697 2059 818 2110 tum
855 2059 1034 2110 terrae
1073 2058 1316 2111 cavernis
1355 2057 1658 2127 includunt,
1696 2061 1813 2111 tum

131 2129 412 2184 hominum
446 2129 658 2184 naturis
695 2129 994 2200 implicant.
1054 2130 1198 2184 Nam
1236 2135 1412 2185 terrae
1444 2131 1526 2185 vis
1557 2130 1813 2202 Pythiam

131 2203 360 2275 Delphis
390 2203 671 2274 incitabat,
707 2207 935 2258 naturae
965 2202 1246 2274 Sibyllam.
1309 2204 1449 2268 Quid
1488 2205 1666 2260 enim?
1704 2224 1813 2260 non

130 2278 390 2347 videmus,
429 2296 592 2348 quam
623 2277 734 2331 sint
763 2278 916 2332 varia
945 2281 1214 2333 terrarum
1247 2280 1482 2351 genera?
1522 2298 1586 2333 ex
1619 2280 1813 2350 quibus

131 2354 188 2406 et
236 2350 518 2406 mortifera
567 2351 830 2423 quaedam
876 2370 1002 2422 pars
1050 2355 1153 2423 est,
1202 2357 1264 2408 ut
1303 2356 1358 2407 et
1394 2352 1718 2424 Ampsancti
1756 2355 1813 2408 in

65 2439 110 2473 ω
130 2425 379 2496 Hirpinis
426 2428 482 2479 01
524 2425 583 2479 111
619 2424 756 2479 Asia
792 2425 1069 2497 Plutonia,
1117 2445 1253 2498 quae
1291 2427 1548 2498 vidimuS,
1595 2431 1650 2481 et
1689 2432 1814 2482 sunt

130 2502 315 2571 partes
353 2516 609 2570 agrorum
649 2500 788 2553 aliae
818 2501 1151 2572 pestilenteS,
1190 2501 1329 2555 aliae
1362 2501 1622 2572 salubreS,
1661 2502 1814 2573 aliae,

131 2591 268 2644 quae
303 2575 462 2627 acuta
491 2572 714 2644 ingenia
746 2573 990 2645 gignant,
1029 2575 1183 2645 aliae,
1224 2594 1361 2645 quae
1392 2578 1636 2645 retunsa3
1676 2595 1812 2645 quae

130 2646 312 2702 omnia
348 2647 489 2701 fiunt
526 2650 582 2701 et
619 2666 684 2701 ex
721 2648 854 2701 caeli
884 2648 1148 2703 varietate
1180 2652 1235 2703 et
1265 2667 1331 2704 ex
1362 2649 1608 2719 disparili
1639 2649 1813 2721 adspi-

129 2721 340 2775 ratione
377 2724 660 2775 terrarum.

1846 1035 1898 1074 79

65 2807 107 2841 ⁸⁵
238 2793 330 2848 Fit
367 2794 530 2848 etiam
569 2813 730 2866 saepe
769 2796 944 2866 specie
983 2797 1229 2867 quadam,
1270 2815 1429 2868 saepe
1467 2815 1659 2850 vocum
1693 2815 1813 2868 gra·
1845 2808 1900 2849 80

129 2869 301 2923 vitate
356 2871 412 2922 01
463 2869 711 2923 cantibus
765 2873 827 2923 ut
877 2870 1153 2941 pellantur
1206 2871 1372 2924 animi
1424 2870 1811 2942 vehementius,

131 2960 290 3013 saepe
329 2942 494 2995 etiam
534 2962 662 2997 cura
700 2945 755 2997 et
792 2944 1004 3014 timore,
1044 2945 1221 3013 qualis
1262 2948 1345 2998 est
1382 2945 1480 2998 illa
