2002 3178
215 143 321 196 234
789 141 870 186 DE
902 141 1310 186 DIVINATIONE

214 262 654 330 concludendum,
704 280 839 330 quae
878 260 946 314 ab
987 261 1234 314 omnibus
1272 260 1652 331 concedantur,
1689 262 1782 316 sed
1819 267 1883 316 ea

216 336 445 403 sumitiS,
486 335 678 403 quibus
719 335 984 388 concessis
1014 335 1185 388 nihilo
1217 335 1393 406 magis
1425 334 1703 404 efficiatur,
1740 335 1883 406 quod

214 409 406 461 velitis,
466 407 708 460 Primum
747 408 888 460 enim
926 408 1029 461 hoc
1067 408 1303 461 sumitis:
1345 406 1436 461 ‘Si
1473 411 1621 462 sunt
1658 409 1742 478 di,
1779 409 1882 462 be·

212 481 408 534 nefici
459 481 524 534 in
575 481 863 534 homines
911 480 1091 534 sunt.'
1169 480 1299 543 Quis
1344 481 1448 535 hoc
1491 482 1646 536 vobis
1693 482 1880 535 dabit?

211 555 580 624 Epicurusne?
629 555 720 624 qui
763 558 929 625 negat
976 555 1261 624 quicquam
1299 555 1425 608 deos
1461 573 1560 609 nec
1597 555 1760 609 alieni
1796 573 1882 609 cu·
1904 573 1924 606 ⁵

213 646 332 681 rare
377 646 475 681 nec
521 628 625 696 sui3
679 646 749 681 an
793 631 979 681 noster
1014 628 1260 682 Ennius?
1315 628 1407 698 qui
1451 645 1650 700 magno
1682 626 1882 699 'plausu

211 702 451 772 loquitur
490 701 823 754 adsentiente
861 702 1085 771 populo:

285 776 420 846 Ego
469 775 647 827 deum
694 792 893 844 genus
940 777 1077 828 esse
1124 793 1372 844 semper
1410 772 1543 829 dixi
1579 779 1644 830 et
1680 775 1882 830 dicam

1409 849 1736 919 caelitum,

286 921 405 975 Sed
443 940 549 975 eos
587 940 712 974 non
742 923 965 975 curare
1005 921 1257 991 opinor,
1296 920 1448 991 qui'd
1485 925 1636 993 agat
1665 923 1881 976 huma-

1335 998 1482 1048 num
1521 1013 1731 1066 genus,

212 1069 286 1122 Et
333 1068 569 1137 quidem,
623 1086 715 1121 cur
761 1067 838 1121 sic
883 1067 1153 1137 opinetur,
1206 1068 1471 1121 rationem
1517 1069 1735 1139 subicit3
1788 1069 1881 1123 sed
1905 1089 1946 1121 ιο

212 1142 345 1195 nihil
395 1144 477 1194 est
514 1158 728 1194 necesse
767 1141 961 1210 dicere,
1008 1159 1143 1210 quae
1182 1145 1501 1211 sequuntur3
1544 1145 1758 1195 tantum
1797 1146 1884 1196 sat

213 1219 296 1268 est
332 1215 594 1285 intellegi,
632 1214 687 1266 id
725 1232 933 1267 sumere
971 1214 1107 1267 istos
1145 1233 1243 1284 pro
1282 1218 1445 1285 cert0,
1484 1215 1625 1285 quod
1663 1215 1882 1270 dubium

129 1274 210 1378 {15
237 1291 746 1356 controversumque
802 1288 888 1340 sit.
974 1285 1226 1357 Sequitur
1276 1306 1462 1358 porro,
1513 1289 1680 1342 nihil
1733 1289 1881 1344 deos

214 1362 541 1432 ignorare,
594 1361 758 1430 quod
811 1361 1023 1414 omnia
1072 1361 1202 1414 sint
1256 1362 1331 1414 ab
1377 1362 1459 1415 iis
1506 1363 1881 1416 constituta.

214 1435 317 1488 Hic
362 1453 488 1487 vero
538 1437 739 1503 quanta
776 1452 958 1504 pugna
996 1437 1080 1487 est
1118 1434 1565 1488 doctissumorum
1602 1435 1881 1489 hominum
1906 1454 1947 1487 15

214 1508 530 1578 negantium
584 1525 698 1560 esse
753 1507 886 1560 haec
933 1526 966 1560 a
1011 1507 1092 1560 dis
1137 1507 1516 1561 inmortalibus
1563 1510 1879 1563 constituta!

214 1581 291 1633 At
327 1584 517 1634 nostra
554 1580 780 1633 interest
818 1581 952 1633 scire
992 1598 1067 1649 ea,
1108 1599 1243 1650 quae
1282 1584 1539 1635 eventura
1575 1585 1715 1636 sunt.
1770 1582 1881 1636 Ma-

216 1672 352 1725 gnus
376 1654 694 1707 Dicaearchi
731 1654 868 1706 liber
907 1657 990 1707 est
1019 1654 1224 1707 nescire
1256 1673 1319 1707 ea
1347 1655 1539 1708 melius
1571 1673 1688 1709 esse
1719 1674 1881 1725 quam

216 1728 363 1780 scire.
438 1726 657 1797 Negant
715 1727 771 1780 id
832 1745 947 1780 esse
1009 1728 1243 1780 alienum
1303 1729 1586 1782 maiestate
1646 1729 1880 1782 deorum.

216 1799 430 1854 Scilicet
486 1817 640 1853 casas
696 1801 934 1853 omnium
971 1800 1343 1870 introspicere,
1380 1804 1442 1854 ut
1478 1802 1717 1871 videant,
1754 1802 1882 1871 quid
1904 1820 1946 1852 20

134 1886 211 1926 106
239 1874 426 1942 cuique
487 1874 761 1928 conducat.
845 1872 1088 1942 ‘Neque
1147 1891 1270 1926 non
1328 1878 1603 1943 possunt
1659 1874 1882 1928 futura

215 1946 670 2016 praenoscere?
745 1945 965 2017 Negant
1009 1964 1168 2016 posse
1212 1947 1273 2015 ii,
1321 1947 1513 2016 quibus
1557 1965 1668 2001 non
1701 1949 1881 2018 placet

217 2038 332 2072 esse
372 2023 598 2088 certum,
646 2019 773 2088 quid
809 2020 1050 2072 futurum
1090 2020 1175 2072 sit.
1246 2019 1478 2074 Videsne
1515 2021 1706 2092 igitur,
1744 2039 1880 2091 quae

217 2093 378 2146 dubia
409 2093 533 2162 sint,
564 2111 626 2146 ea
657 2093 796 2146 sumi
826 2111 923 2162 pro
955 2093 1114 2146 certis
1146 2096 1307 2162 atque
1337 2094 1637 2148 concessis?
1674 2093 1879 2148 Deinde

217 2170 571 2235 contorquent
609 2169 664 2219 et
697 2167 776 2219 ita
807 2166 1148 2220 concludunt:
1189 2166 1356 2220 ‘Non
1391 2167 1595 2237 igitur
1632 2169 1694 2220 et
1732 2171 1880 2220 sunt
1903 2183 1945 2216 25

218 2239 278 2291 di
315 2257 427 2292 nec
466 2239 852 2309 significant
881 2238 1150 2308 futura'3
1186 2239 1242 2292 id
1273 2240 1414 2293 enim
1443 2241 1553 2293 iam
1583 2240 1879 2309 perfectum

219 2313 565 2365 arbitrantur.
640 2312 845 2365 Deinde
899 2312 1206 2365 adsumunt:
1270 2312 1457 2366 ‘Sunt
1515 2316 1724 2366 autem
1777 2314 1878 2383 di',

219 2386 359 2454 quod
408 2386 584 2455 ipsum
632 2404 743 2438 non
787 2386 855 2438 ab
903 2386 1151 2438 omnibus
1191 2386 1511 2439 conceditur.
1586 2383 1880 2458 ‘Signifi-

218 2461 364 2510 cant
417 2458 603 2528 ergo?
674 2457 758 2511 Ne
795 2459 849 2510 id
895 2458 1108 2527 quidem
1153 2459 1414 2528 sequitur3
1465 2462 1693 2529 possunt
1737 2459 1878 2512 enim

216 2549 325 2583 non
372 2532 672 2602 significare
711 2534 765 2584 et
801 2534 985 2584 tamen
1023 2549 1138 2584 esse
1177 2532 1243 2584 di.
1313 2531 1487 2602 ‘Nec,
1532 2532 1587 2585 si
1623 2532 1878 2603 signifi·
1899 2548 1943 2581 ³0

218 2607 384 2671 cant,
436 2623 560 2657 non
613 2605 767 2657 dant
813 2605 950 2657 vias
998 2605 1249 2673 aliquas
1296 2605 1372 2658 ad
1416 2605 1754 2658 scientiam
1798 2605 1880 2658 si-

219 2676 702 2745 gnificationis?
778 2676 855 2729 At
899 2677 955 2729 id
1001 2695 1210 2746 quoque
1254 2681 1456 2748 potest,
1507 2681 1570 2730 ut
1604 2695 1714 2731 non
1751 2677 1878 2730 dent
1926 2700 1929 2701 ⁷

217 2749 442 2818 homini,
487 2750 593 2818 ipsi
637 2750 895 2818 habeant3
947 2768 1041 2803 cur
1086 2750 1228 2803 enim
1265 2750 1451 2803 Tuscis
1495 2750 1677 2820 potius
1716 2769 1877 2820 quam

217 2820 475 2873 Romanis
522 2823 745 2875 darent?
815 2822 990 2891 ‘Nec,
1043 2823 1098 2875 si
1151 2823 1303 2876 dant
1345 2823 1504 2892 viae,
1555 2824 1735 2876 nulla
1779 2827 1877 2876 est

220 2894 567 2947 divinatio?
629 2895 734 2948 Fac
773 2896 898 2948 dare
938 2895 1079 2964 deOS,
1118 2897 1259 2963 quod
1289 2896 1578 2949 absurdum
1609 2899 1713 2965 est3
1749 2895 1876 2962 quid
1898 2909 1940 2943 3⁵
