2002 3178
587 123 700 169 LIB.
731 122 790 168 Π.
830 123 958 169 CAP.
989 130 1119 170 4—6.
1152 128 1178 179 ε
1211 129 1397 168 11—16.
1692 87 1818 176 '201

44 285 46 287 -
141 245 403 300 abducere
440 243 829 299 divinationem
866 261 1093 313 eamque
1130 243 1212 297 ita
1250 243 1492 297 definire:
1540 242 1822 296 divinatio·

138 337 264 373 nem
309 335 429 373 esse
475 336 660 373 earum
704 336 885 372 rerum
931 317 1354 388 praedictionem
1400 320 1455 370 et
1492 317 1822 388 praesensio·

139 411 278 463 nem,
316 410 453 463 quae
485 394 667 446 essent
695 391 969 446 fortuitae.
1021 390 1266 445 Primum
1297 391 1484 445 eodem
1513 390 1823 445 revolveris.

140 465 285 520 Nam
330 468 386 520 et
429 465 623 520 medici
669 468 725 519 et
771 465 1150 538 gubernatoris
1197 468 1253 518 et
1289 464 1635 536 imperatoris
1674 482 1823 535 prae-

96 554 118 588 ⁵
141 539 319 595 sensio
358 542 444 595 est
480 558 662 594 rerum
698 538 1066 594 fortuitarum.
1140 537 1290 592 Num
1326 539 1497 610 igitur
1536 542 1632 592 aut
1666 539 1825 592 haru—

141 632 271 686 spex
316 616 413 668 aut
457 631 632 686 augur
678 616 775 668 aut
818 616 973 668 vates
1020 613 1141 683 quis
1180 616 1276 667 aut
1315 613 1590 666 somnians
1630 612 1824 666 melius

141 687 429 743 eonieeerit
468 691 564 742 aut
600 705 630 742 e
668 688 859 742 morbo
899 705 1186 741 evasurum
1225 690 1511 758 aegrotum
1549 689 1645 740 aut
1678 705 1707 740 e
1736 704 1825 757 pe·

140 761 313 818 riculo
351 780 546 816 navem
584 764 680 816 aut
717 779 781 815 ex
811 761 1021 815 insidiis
1053 761 1347 815 exereitum
1379 780 1542 831 quam
1572 760 1825 831 medicus,

141 854 304 908 quam
337 837 683 907 gubernator,
715 854 878 906 quam
907 835 1240 906 imperator?
1287 835 1459 905 Atqui
1487 853 1555 890 ne
1582 835 1682 889 illa
1713 835 1826 906 qui·
1858 848 1909 889 14

75 927 119 961 10
141 909 263 965 dem
308 909 602 964 divinantis
640 927 758 964 esse
789 909 1021 978 dicebaS,
1060 912 1252 963 ventos
1283 912 1380 963 aut
1409 909 1611 963 imbres
1641 909 1826 979 inpen-

141 983 328 1039 dentes
372 983 696 1054 quibusdam
747 983 1080 1054 praesentire
1135 983 1307 1055 signis
1358 981 1440 1055 (in
1486 1001 1591 1053 quo
1636 986 1827 1037 nostra

142 1057 404 1129 quaedam
427 1057 635 1112 Aratea
656 1058 970 1112 memoriter
999 1076 1033 1111 a
1061 1060 1117 1111 te
1147 1056 1502 1128 pronuntiata
1526 1055 1690 1130 sunt),
1722 1057 1823 1111 etsi

139 1132 274 1186 haee
309 1131 431 1203 ipsa
465 1131 697 1187 fortuita
733 1135 876 1201 sunt3
913 1132 1230 1203 plerumque
1270 1131 1428 1202 enim,
1465 1150 1576 1185 non
1613 1149 1824 1202 semper

141 1205 408 1261 eveniunt.
465 1203 613 1268 Quae
636 1208 721 1260 est
750 1205 923 1277 igitur
954 1209 1049 1259 aut
1078 1205 1173 1259 ubi
1203 1208 1452 1259 versatur
1474 1205 1824 1259 fortuitarum

78 1295 118 1329 ιτ»
140 1298 322 1335 rerum
369 1279 680 1351 praesensio
687 1321 704 1350 ,
757 1298 920 1349 quam
970 1279 1357 1334 divinationem
1402 1280 1601 1334 voeas‘?
1679 1278 1825 1342 Quae

142 1353 285 1408 enim
336 1353 660 1424 praesentiri
713 1357 809 1407 aut
863 1356 980 1408 arte
1033 1357 1129 1408 aut
1181 1353 1392 1408 ratione
1439 1357 1534 1407 aut
1578 1372 1682 1407 usu
1731 1357 1827 1407 aut

141 1427 447 1483 coniectura
495 1430 746 1498 possunt,
797 1446 861 1482 ea
908 1446 1020 1481 non
1069 1427 1264 1482 divinis
1314 1427 1604 1482 tribuenda
1648 1431 1826 1499 putaS,

143 1500 236 1556 sed
287 1501 494 1572 peritis.
569 1500 658 1556 Ita
702 1501 1050 1572 relinquitur,
1102 1505 1165 1556 ut
1211 1520 1276 1556 ea
1319 1501 1550 1556 fortuita
1595 1502 1825 1556 divinari

140 1575 376 1647 possint,
422 1593 560 1645 quae
604 1575 759 1629 nulla
802 1594 902 1630 neo
948 1579 1065 1630 arte
1109 1594 1207 1630 nee
1245 1576 1516 1646 sapientia
1552 1576 1825 1647 provideri

77 1666 120 1699 ²⁰
141 1666 242 1777 {31⁸
244 1652 394 1776 Ἓξ
431 1649 857 1778 “Ξηῗῖῑὲ“ᾆὶἒὲῑέ
886 1649 1668 1796 ἕῖἷὲὠὲἷὲεέὲῗῖᾈὲεἲξὲῗέ
1706 1669 1825 1778 ἓὲἓὲ

391 1765 407 1793 ²

141 1796 465 1869 periturum,
512 1797 808 1852 divinasset
852 1797 1121 1869 profeet03
1165 1798 1319 1851 nulla
1364 1798 1507 1851 enim
1554 1801 1670 1852 arte
1716 1798 1827 1852 alia

140 1870 197 1924 id
241 1888 341 1926 nee
379 1871 648 1942 sapientia
685 1871 821 1926 seire
859 1872 1142 1943 potuisset.
1204 1871 1419 1926 Talium
1460 1890 1589 1943 ergo
1629 1891 1825 1942 rerum,

143 1963 280 2016 quae
316 1944 375 1998 in
410 1944 632 1999 fortuna
665 1946 876 2016 positae
908 1950 1050 2016 sunt,
1089 1946 1398 2016 praesensio
1433 1946 1694 2000 divinatio
1727 1950 1824 1999 est.
1857 1990 1891 2042 6

77 2035 121 2070 2⁶
253 2018 512 2073 Potestne
556 2019 727 2090 igitur
773 2038 958 2073 earum
1007 2038 1210 2089 rerum,
1261 2038 1398 2090 quae
1443 2020 1582 2073 nihil
1620 2021 1825 2074 habent
1860 2056 1910 2095 15

142 2092 387 2162 rationiS,
419 2111 584 2163 quare
613 2092 828 2146 futurae
863 2093 988 2163 sint,
1020 2111 1136 2147 esse
1160 2093 1276 2147 ulla
1298 2093 1647 2164 praesensio?
1687 2093 1826 2156 Quid

143 2169 228 2220 est
273 2166 416 2220 enim
461 2166 609 2220 aliud
655 2167 791 2237 fors,
843 2167 970 2237 quid
1017 2166 1260 2237 fortuna,
1310 2167 1439 2237 quid
1477 2185 1632 2221 casus
1643 2209 1659 2238 ,
1699 2168 1826 2238 quid

143 2243 383 2310 eventus,
419 2240 526 2293 nisi
566 2259 688 2294 eum
718 2240 795 2295 sie
827 2241 1030 2311 aliquid
1060 2241 1264 2311 cecidit,
1304 2241 1381 2295 sie
1413 2241 1607 2311 evenit,
1645 2244 1707 2296 ut
1737 2243 1824 2296 vel

143 2312 303 2368 aliter
339 2314 527 2368 eadere
567 2317 730 2384 atque
770 2315 982 2369 evenire
1020 2315 1297 2385 potuerit?
1351 2313 1468 2377 Quo
1499 2316 1660 2370 modo
1692 2333 1823 2388 ergo

78 2403 120 2436 ³⁰
141 2387 220 2458 id,
265 2387 408 2458 quod
454 2390 655 2443 temere
701 2389 765 2442 fit
810 2407 967 2442 caeco
1006 2406 1135 2443 easu
1173 2392 1230 2443 et
1266 2389 1614 2444 volubilitate
1652 2390 1824 2444 fortu-

142 2479 260 2531 nae,
295 2462 619 2532 praesentiri
658 2465 713 2515 et
749 2462 987 2532 praedici
1022 2463 1242 2534 potest?
1295 2462 1535 2517 Medicus
1575 2465 1824 2517 morbum
1859 2476 1910 2516 16

143 2535 608 2606 ingravescentem
663 2536 873 2590 ratione
921 2537 1190 2607 providet,
1244 2536 1469 2591 insidias
1514 2537 1825 2608 imperator,

144 2611 497 2680 tempestates
538 2609 893 2680 gubernator3
931 2614 987 2664 et
1020 2614 1206 2665 tamen
1234 2610 1275 2664 ii
1304 2610 1410 2681 ipsi
1441 2628 1601 2681 saepe
1630 2611 1826 2665 fallun-

145 2685 257 2753 tur,
308 2682 399 2753 qui
444 2682 581 2736 nihil
631 2683 746 2736 sine
792 2687 940 2738 certa
977 2685 1188 2739 ratione
1227 2684 1541 2755 opinantur;
1587 2687 1649 2738 ut
1687 2686 1826 2756 agri-

79 2770 120 2805 π
144 2756 287 2826 oola,
324 2774 447 2811 eum
485 2757 673 2810 florem
713 2757 863 2811 oleae
901 2758 1069 2828 videt,
1108 2759 1298 2812 bacam
1338 2776 1550 2828 quoque
1588 2776 1647 2812 se
1686 2760 1826 2813 visu·

142 2848 264 2884 rum
315 2833 500 2901 putat,
552 2848 661 2883 non
716 2830 831 2884 sine
884 2832 1093 2886 ratione
1145 2832 1240 2885 ille
1288 2832 1526 2901 quidem,
1579 2832 1672 2886 sed
1716 2851 1826 2887 non

143 2922 439 2974 numquam
494 2906 678 2958 tamen
728 2904 956 2959 fallitur.
1042 2904 1246 2969 Quodsi
1298 2906 1566 2960 falluntur
1616 2906 1678 2977 ii,
1734 2907 1824 2977 qui
