2002 3178
524 140 635 186 ΜΒ.
667 141 723 186 IL
771 142 898 186 CAP.
930 147 1118 188 41-44.
1159 148 1183 198 ς
1215 149 1317 189 87-
1334 150 1404 189 93.
1705 145 1812 198 229

135 262 192 314 et
234 259 305 315 ad
349 278 512 331 quam
558 260 784 331 quisque
823 280 1070 316 maxume
1109 282 1225 317 rem
1263 267 1424 335 aptus
1461 265 1679 320 futurus
1717 267 1813 336 sit3

133 336 326 404 cetera,
362 352 500 405 quae
537 335 910 406 profiteantur,
939 340 1105 408 negat
1136 338 1249 391 ullo
1282 339 1440 392 modo
1473 358 1634 409 posse
1666 341 1814 410 sciri3

133 407 334 462 etenim
377 407 716 480 geminorum
759 409 965 463 formas
1012 429 1128 464 esse
1174 412 1393 482 similis,
1440 414 1611 467 vitam
1650 418 1812 484 atque

133 479 408 536 fortunam
452 482 770 552 plerumque
815 483 1100 554 disparem.
1169 484 1388 539 Procles
1428 490 1482 540 et
1519 487 1813 558 Eurysthe·

90 569 111 602 ⁵
133 573 252 626 nes,
294 554 842 611 Lacedaemoniorum
879 575 1058 629 reges,
1105 559 1306 630 gemini
1342 559 1540 614 fratres
1578 562 1813 615 fuerunt.

133 628 213 683 At
252 628 295 685 ii
335 647 437 685 nec
480 630 710 684 totidem
749 649 919 685 annos
957 632 1227 702 vixerunt3
1273 653 1412 688 anno
1453 635 1596 688 enim
1633 635 1813 690 Procli

75 734 78 735 ν
134 703 250 757 vita
285 703 503 758 brevior
530 703 650 774 fuit,
688 706 1026 775 multumque
1056 706 1104 759 is
1135 706 1295 760 fratri
1325 726 1506 761 rerum
1537 713 1813 780 gestarum

133 776 312 848 gloria
346 777 638 848 praestitit.
699 778 777 831 At
807 797 908 851 ego
940 780 995 833 id
1023 779 1218 850 ipsum,
1257 782 1400 851 quod
1429 783 1512 835 vir
1545 787 1813 854 optumus,

131 850 419 922 DiogeneS,
449 850 736 906 Chaldaeis
769 853 923 922 quasi
952 854 1183 923 quadam
1205 856 1668 924 praevaricatione
1692 876 1812 912 con-

70 939 110 972 10
132 924 295 994 cedit,
339 942 481 996 nego
518 944 680 996 posse
716 926 980 998 intellegi.
1047 927 1267 981 Etenim
1306 948 1449 1000 cum,
1494 933 1557 983 ut
1593 931 1700 1002 ipsi
1738 932 1812 985 di-

132 1000 284 1068 cunt,
336 1001 488 1053 ortus
535 1000 875 1053 nascentium
924 1001 1053 1054 luna
1101 1002 1429 1072 moderetur,
1485 1022 1652 1074 eaque
1704 1006 1812 1059 ani-

131 1071 476 1126 madvertant
511 1076 568 1126 et
604 1076 797 1127 notent
835 1074 1012 1128 sidera
1048 1075 1306 1130 natalicia
1340 1075 1614 1148 Chaldaei,
1655 1098 1810 1149 quae-

132 1163 360 1216 cumque
397 1147 558 1200 lunae
594 1147 780 1201 iuncta
810 1148 1107 1218 videantur,
1147 1150 1426 1204 oculorum
1456 1151 1809 1207 fallacissimo

132 1237 294 1273 sensu
337 1219 577 1274 iudicant
621 1239 705 1290 ea,
755 1239 891 1290 quae
938 1223 1148 1276 ratione
1195 1226 1358 1293 atque
1404 1225 1584 1280 animo
1630 1227 1810 1280 videre

67 1305 110 1340 ιδ
132 1293 415 1347 debebant.
489 1293 663 1348 Docet
709 1295 852 1348 enim
890 1296 1030 1349 ratio
1069 1297 1601 1369 mathematicorum,
1649 1319 1809 1370 quam

130 1367 252 1420 istis
303 1370 493 1421 notam
539 1385 655 1422 esse
705 1369 1020 1439 oportebat,
1076 1374 1280 1440 quanta
1324 1372 1634 1427 humilitate
1681 1375 1810 1428 luna

128 1440 337 1495 feratur
389 1444 592 1495 terram
644 1461 816 1512 paene
869 1443 1212 1515 contingenS,
1266 1449 1528 1515 quantum
1582 1448 1728 1501 absit
1777 1468 1810 1503 a

129 1532 392 1585 proxuma
427 1514 680 1569 Mercurii
717 1517 902 1586 stella,
949 1518 1122 1571 multo
1161 1521 1343 1573 autem
1382 1520 1597 1591 longius
1638 1541 1671 1575 a
1706 1521 1809 1576 Ve-

129 1588 290 1657 neriS,
321 1588 508 1642 deinde
541 1590 649 1643 alio
681 1589 970 1644 intervallo
1003 1591 1168 1645 distet
1199 1611 1233 1646 a
1265 1594 1394 1663 sole,
1425 1595 1575 1648 cuius
1606 1596 1807 1650 lumine

65 1675 108 1708 ²⁰
129 1661 455 1716 conlustrari
484 1666 730 1733 putatur3
761 1664 971 1733 reliqua
1000 1684 1127 1719 vero
1151 1666 1259 1719 tria
1281 1667 1573 1721 intervalla
1595 1668 1808 1724 infinita

129 1738 186 1789 et
220 1735 480 1805 inmensa,
519 1755 552 1791 a
590 1737 706 1791 sole
744 1738 812 1791 ad
842 1737 1051 1807 MartiS,
1089 1739 1211 1792 inde
1243 1740 1311 1793 ad
1341 1739 1502 1811 IoviS,
1542 1743 1610 1795 ab
1644 1761 1707 1797 eo
1739 1744 1807 1797 ad

128 1807 348 1863 Saturni
394 1810 634 1880 stellam,
679 1811 802 1864 inde
850 1811 917 1865 ad
963 1813 1172 1866 caelum
1209 1813 1410 1884 ipsum,
1458 1817 1599 1885 quod
1638 1821 1806 1871 extre-

129 1901 277 1937 mum
322 1886 486 1953 atque
530 1885 800 1939 ultumum
839 1886 1024 1939 mundi
1062 1890 1158 1940 est.
1231 1886 1377 1950 Quae
1417 1892 1599 1958 potest
1637 1891 1806 1962 igitur

128 1957 382 2028 contagio
428 1975 492 2011 ex
529 1957 741 2013 infinito
780 1977 949 2029 paene
986 1960 1276 2015 intervallo
1315 1963 1584 2032 pertinere
1623 1966 1691 2018 ad
1729 1966 1806 2019 lu-

64 2043 107 2077 8⁵
128 2047 258 2084 nam
293 2031 381 2083 vel
419 2031 602 2101 potius
641 2032 710 2085 ad
747 2034 987 2086 terram?

1844 648 1895 688 91

1838 1903 1893 1943 92

237 2102 413 2166 Quid?
459 2123 580 2158 cum
619 2105 824 2175 dicunt,
860 2106 916 2158 id
936 2107 1097 2190 ,quod
1134 2107 1200 2160 iis
1242 2108 1415 2162 dicere
1451 2128 1668 2164 necesse
1708 2116 1804 2181 est,
1821 2114 1892 2167 44

130 2176 305 2231 omnis
351 2177 592 2231 omnium
637 2182 789 2232 ortus
798 2221 812 2248 ,
859 2198 1179 2249 qmcumque
1226 2182 1523 2252 gignantur
1563 2184 1621 2237 in
1659 2187 1805 2239 omni

128 2253 289 2320 terra,
320 2269 457 2320 quae
488 2251 770 2321 incolatur,
806 2253 1021 2306 eosdem
1052 2272 1183 2323 esse,
1216 2256 1506 2326 eademque
1539 2258 1804 2329 omnibus,

129 2324 219 2393 qui
258 2325 445 2379 eodem
484 2329 632 2379 statu
671 2326 806 2379 caeli
845 2329 899 2379 et
938 2328 1222 2381 stellarum
1253 2330 1370 2382 nati
1402 2330 1527 2400 sint,
1567 2332 1803 2386 accidere

62 2409 342 2452 wnecesse
380 2416 520 2467 esse,
563 2417 741 2452 nonne
781 2400 894 2452 eius
933 2400 1079 2453 modi
1117 2404 1266 2471 sunt,
1313 2406 1376 2456 ut
1411 2422 1478 2457 ne
1517 2405 1653 2458 caeli
1691 2407 1804 2475 qui·

128 2470 250 2524 dem
292 2474 544 2525 naturam
588 2471 912 2543 interpretes
958 2474 1094 2528 istos
1134 2475 1269 2529 caeli
1305 2494 1465 2530 nosse
1505 2481 1802 2548 appareat?

127 2542 264 2599 Cum
303 2544 446 2597 enim
483 2545 567 2598 illi
607 2546 787 2615 orbeS,
827 2547 918 2616 qui
957 2549 1165 2601 caelum
1205 2550 1358 2617 quasi
1398 2551 1632 2604 medium
1673 2553 1802 2606 divi-

127 2617 262 2671 dunt
310 2621 366 2672 et
414 2622 693 2688 aspectum
741 2623 990 2674 nostrum
1040 2622 1321 2691 definiunt,
1372 2624 1463 2692 qui
1510 2643 1543 2677 a
1582 2624 1801 2680 Graecis

127 2686 404 2759 ὁρίζοντες
447 2692 815 2761 nominantur,
864 2713 897 2747 a
940 2695 1097 2757 nobis
1135 2695 1447 2749 finientes
1486 2699 1801 2753 rectissume

60 2775 104 2811 ⁸⁵
125 2764 393 2819 nominari
431 2769 673 2835 possunt,
711 2767 1029 2821 varietatem
1069 2788 1375 2822 maxumam
1414 2770 1650 2825 habeant
1690 2773 1801 2827 alii·

126 2856 229 2908 que
273 2838 330 2891 in
375 2838 497 2892 aliis
542 2840 677 2893 locis
724 2840 856 2910 sint,
900 2860 1116 2895 necesse
1163 2846 1246 2895 est
1285 2846 1435 2896 ortus
1475 2863 1799 2917 occasusque

126 2911 360 2966 siderum
396 2931 507 2966 non
544 2913 661 2967 fieri
691 2914 878 2967 eodem
909 2918 1152 2985 tempore
1184 2916 1326 2986 apud
1355 2917 1547 2972 omnis.
1597 2918 1800 2981 Quodsi
1830 2931 1885 2972 93
