2002 3178
516 132 628 180 LIB.
659 134 716 180 Π.
751 134 878 180 GAP.
912 140 1100 182 69-72.
1132 139 1158 189 ἓ
1192 139 1437 181 143-148.
1715 136 1822 189 249

141 253 338 325 spiritu
375 253 587 326 aegroti
623 254 918 325 multisque
956 273 1021 308 ex
1059 254 1183 310 aliis
1213 254 1399 309 futura
1428 255 1825 327 praesentiunt3

142 328 532 400 gubernatores
577 346 700 384 cum
746 328 1071 387 exsultantis
1117 329 1393 401 lolligines
1439 330 1691 384 viderunt
1729 333 1824 385 aut

142 401 426 472 delphinos
472 420 530 456 se
574 402 633 457 in
677 405 899 473 portum
945 402 1290 473 conicientes,
1336 406 1719 475 tempestatem
1757 404 1825 464 si,-

141 475 387 548 gnificari
416 479 628 547 putant.
680 475 831 532 Haec
860 476 1071 531 ratione
1103 477 1362 548 explicari
1394 481 1449 532 et
1480 478 1548 532 ad
1570 481 1823 532 naturam

97 565 119 599 ⁵
141 550 384 604 revocari
419 549 577 605 facile
614 553 859 621 possunt,
898 568 962 606 ea
990 569 1135 621 ver0,
1175 569 1312 620 quae
1343 552 1508 622 paulo
1540 555 1666 606 ante
1699 552 1823 623 dixi,

140 623 292 681 nullo
330 624 506 679 modo.
1841 671 1906 724 ,Π

251 697 330 752 At
366 697 510 752 enim
547 698 856 754 observatio
896 698 1150 753 diuturna
1181 696 1338 770 (haee
1369 699 1513 754 enim
1542 718 1670 771 pars
1701 718 1810 754 una
1829 736 1910 776 146

141 770 337 844 restat)
367 772 620 827 notandis
650 773 812 827 rebus
842 772 972 827 fecit
1007 776 1197 826 artem.
1251 772 1362 826 Ain
1391 773 1645 829 tandem?
1685 792 1824 828 som·

141 845 236 901 nia
294 846 575 901 observari
625 847 891 918 possunt?
954 865 1191 917 quonam
1243 846 1441 902 modo?
1503 851 1631 902 sunt
1683 848 1824 902 enim

79 935 120 969 ιο
142 919 562 975 innumerabiles
603 921 909 975 varietates,
969 920 1124 974 Nihil
1162 924 1277 975 tam
1307 925 1672 992 praepostere,
1710 925 1825 976 tam

142 994 436 1064 incondite,
477 996 593 1048 tam
630 998 973 1049 monstruose
1012 994 1244 1067 cogitari
1280 998 1487 1066 potest,
1535 995 1678 1066 quod
1715 1014 1821 1050 non

142 1067 414 1140 possimus
452 1068 745 1139 somniare3
793 1087 898 1139 quo
937 1069 1097 1123 modo
1136 1068 1308 1140 igitur
1345 1069 1480 1124 haec
1517 1069 1732 1123 infinita
1771 1073 1826 1124 et

144 1160 355 1213 semper
397 1159 541 1196 nova
586 1145 681 1197 aut
725 1143 986 1197 memoria
1030 1142 1299 1214 conplecti
1345 1146 1440 1197 aut
1487 1143 1824 1198 observando

142 1219 335 1271 notare
371 1216 696 1288 possumus?
759 1216 1044 1287 Astrologi
1082 1220 1261 1271 motus
1303 1217 1599 1271 errantium
1639 1219 1824 1272 stella-

80 1306 122 1340 ιε
143 1303 265 1344 rum
301 1292 649 1360 notaverunt3
685 1290 936 1345 inventus
976 1293 1059 1344 est
1098 1290 1241 1344 enim
1281 1291 1411 1345 ordo
1446 1290 1504 1344 in
1534 1291 1601 1345 iis
1634 1292 1825 1361 stelliS,

146 1364 239 1435 qui
282 1381 394 1419 non
435 1364 747 1435 putabatur.
815 1363 959 1419 Cedo
1005 1365 1247 1434 tandem,
1294 1365 1388 1435 qui
1433 1364 1506 1418 sit
1552 1365 1684 1420 ordo
1731 1369 1826 1420 aut

145 1457 282 1509 quae
335 1439 674 1493 concursatio
729 1438 1086 1506 somniorum3
1152 1457 1257 1508 quo
1308 1438 1468 1492 modo
1520 1441 1701 1493 autem
1752 1440 1826 1493 di-

145 1512 351 1585 stingui
388 1515 620 1583 possunt
656 1530 786 1566 vera
825 1512 1035 1566 somnia
1074 1531 1106 1566 a
1143 1512 1338 1567 falsis?
1385 1531 1507 1567 cum
1546 1513 1731 1567 eadem
1771 1517 1827 1568 et

144 1586 267 1641 aliis
299 1586 458 1640 aliter
489 1585 721 1640 evadant
750 1589 806 1639 et
836 1586 1006 1640 isdem
1039 1605 1150 1640 non
1180 1604 1393 1656 semper
1424 1586 1609 1641 eodem
1643 1588 1828 1658 modo;

79 1675 122 1709 zo
145 1663 207 1714 ut
243 1659 379 1714 mihi
416 1659 612 1713 mirum
650 1659 912 1729 videatur,
950 1679 1070 1715 cum
1111 1660 1352 1714 mendaci
1389 1660 1599 1714 homini
1634 1679 1703 1716 ne
1740 1681 1827 1716 ve·

145 1752 267 1789 rum
306 1733 522 1804 quidem
559 1733 758 1788 dicenti
796 1734 1010 1788 credere
1050 1734 1335 1804 soleamus,
1374 1752 1479 1804 quo
1518 1735 1678 1790 modo
1717 1735 1826 1806 isti,

147 1807 196 1863 si
232 1807 503 1863 somnium
542 1825 730 1863 verum
769 1808 942 1862 evasit
981 1807 1215 1878 aliquod,
1251 1826 1364 1862 non
1403 1827 1467 1862 ex
1506 1810 1695 1863 multis
1733 1828 1825 1881 po-

146 1882 255 1939 tius
299 1881 394 1936 uni
436 1881 599 1936 fidem
644 1881 907 1954 derogent
954 1901 1115 1953 quam
1162 1900 1228 1936 ex
1264 1900 1372 1937 uno
1410 1882 1826 1938 innumerabilia

145 1957 475 2011 confirment.

80 2043 123 2078 8⁶
256 2028 315 2084 Si
358 2029 530 2101 igitur
573 2047 747 2099 neque
792 2030 923 2084 deus
966 2033 1050 2084 est
1088 2030 1309 2084 effector
1346 2030 1680 2084 somniorum
1717 2049 1804 2085 ne-
1830 2046 1909 2086 147

147 2122 249 2174 que
292 2107 519 2157 naturae
565 2103 796 2158 societas
841 2104 955 2157 ulla
1000 2122 1120 2158 cum
1167 2103 1390 2157 somniis
1435 2122 1609 2175 neque
1649 2105 1827 2158 obser-

149 2177 364 2232 vatione
401 2176 631 2231 inveniri
668 2176 849 2247 potuit
887 2177 1127 2247 scientia,
1167 2178 1416 2232 effectum
1454 2181 1552 2249 est,
1589 2180 1652 2233 ut
1688 2179 1826 2232 nihil

146 2268 368 2322 prorsus
415 2250 639 2305 somniis
685 2250 1031 2304 tribuendum
1077 2251 1170 2320 sit,
1215 2252 1537 2322 praesertim
1584 2270 1705 2307 cum
1742 2253 1827 2306 illi

146 2325 267 2396 ipsi,
305 2324 399 2396 qui
437 2342 501 2379 ea
538 2324 736 2393 vident,
773 2324 911 2377 nihil
951 2324 1209 2394 divinent,
1246 2325 1300 2394 ii,
1341 2325 1433 2395 qui
1470 2326 1827 2397 interpretan-

79 2412 124 2446 80
145 2402 250 2469 tur,
287 2398 649 2453 coniecturam
681 2397 990 2468 adhibeant,
1018 2416 1128 2452 non
1157 2401 1425 2468 naturam,
1456 2418 1612 2454 casus
1644 2403 1826 2454 autem

146 2472 630 2526 innumerabilibus
668 2490 840 2542 paene
880 2471 1107 2526 saeculis
1146 2471 1205 2525 in
1243 2472 1492 2526 omnibus
1530 2473 1691 2544 plura
1728 2474 1825 2528 mi-

146 2545 344 2600 rabilia
382 2563 544 2616 quam
582 2545 639 2599 in
678 2544 1010 2599 somniorum
1048 2544 1178 2599 visis
1214 2545 1463 2616 effecerit,
1501 2565 1673 2617 neque
1705 2565 1826 2603 con·

145 2619 373 2689 iectura,
420 2637 556 2688 quae
603 2618 659 2672 in
698 2619 878 2673 varias
915 2619 1089 2689 partis
1129 2619 1249 2673 duci
1287 2620 1484 2690 possit,
1529 2638 1639 2674 non
1675 2639 1826 2675 num·

146 2711 309 2763 quam
363 2692 528 2746 etiam
582 2692 641 2746 in
694 2693 1016 2763 contrariaS,
1078 2693 1366 2763 quicquam
1427 2693 1500 2747 sit
1554 2694 1824 2749 incertius

81 2779 124 2814 ⁸⁵
147 2766 487 2837 Explodatur
532 2767 693 2835 igitur
736 2765 869 2821 haec
916 2784 1127 2837 quoque
1167 2767 1501 2821 somniorum
1549 2767 1810 2823 divinatio
1830 2746 1913 2851 ἐξ

132 2840 353 2911 pariter
390 2858 511 2894 cum
549 2838 756 2894 ceteris.
824 2838 994 2910 Nam,
1038 2843 1101 2894 ut
1138 2858 1262 2895 vere
1300 2840 1608 2912 loquamur,
1646 2860 1826 2913 super·

146 2913 297 2978 stitio
344 2912 466 2968 fusa
509 2931 607 2983 per
653 2913 831 2986 gentis
873 2914 1144 2985 oppressit
1184 2914 1426 2969 omnium
1464 2914 1577 2971 fere
1615 2916 1825 2977 animos
