2002 3178
248 162 353 214 182
823 160 904 205 DE
934 160 1335 207 DIVINATIONE

243 280 397 334 initio
436 280 568 333 belli
596 279 814 334 Marsici
853 283 908 334 et
947 280 1165 334 deorum
1205 281 1494 336 simulacra
1530 281 1822 354 sudavisse,
1859 287 1915 337 et

246 354 562 424 sanguinem
592 353 824 424 fluxisse,
854 357 909 407 et
941 354 1248 408 discessisse
1278 356 1499 426 caelum,
1530 359 1587 410 et
1616 375 1680 410 ex
1704 357 1913 412 occulto

246 427 456 480 auditas
497 445 613 480 esse
650 445 822 497 voces,
862 445 998 497 quae
1035 428 1273 498 pericula
1309 429 1442 483 belli
1477 429 1813 501 nuntiarent,
1860 433 1915 484 et

243 500 472 554 Lanuvii
502 500 719 571 clipeos„
751 501 893 570 quod
923 501 1298 571 haruspicibus
1325 502 1716 558 tristissumum
1737 504 1915 558 visum

163 585 243 626 100
262 577 417 643 esset,
456 592 488 627 a
524 574 767 627 muribus
807 592 923 628 esse
961 575 1194 629 derosos.
1262 574 1415 646 Quid,
1453 577 1598 647 quod
1625 577 1684 631 in
1713 577 1915 632 annali-
1937 591 1958 625 ὁ

245 650 346 701 bus
385 647 646 700 habemus
684 646 901 700 Veienti
938 647 1099 718 bello,
1138 667 1259 702 cum
1296 650 1445 704 lacus
1483 649 1730 704 Albanus
1766 669 1916 722 prae·

245 725 329 774 ter
373 721 592 774 modum
640 721 917 791 crevisset,
961 720 1243 775 Veientem
1282 724 1546 792 quendam
1583 724 1652 778 ad
1687 742 1788 779 nos
1823 724 1916 779 ho·

246 795 444 847 minem
489 794 728 848 nobilem
772 795 1096 866 perfugisse,
1149 814 1374 866 eumque
1421 797 1616 851 dixisse
1662 815 1726 852 ex
1770 797 1916 868 fatis,

247 886 383 938 quae
406 867 658 921 Veientes
699 869 901 938 scripta
938 869 1213 940 haberent,
1251 869 1415 924 Veios
1453 870 1574 941 capi
1602 888 1712 925 non
1740 889 1915 942 posse,

248 941 374 995 dum
418 942 567 995 lacus
611 941 659 995 is
705 942 1048 1011 redundaret,
1094 945 1171 1012 et,
1220 943 1267 996 si
1305 944 1453 998 lacus
1492 943 1719 998 emissus
1757 945 1914 1015 lapsu
1938 958 1983 992 1⁰

248 1019 302 1068 et
333 1033 492 1069 cursu
522 1033 618 1068 suo
651 1015 719 1068 ad
749 1033 897 1068 mare
927 1015 1284 1086 profluxisset,
1322 1016 1682 1087 perniciosum
1714 1018 1914 1089 populo

247 1089 516 1157 Roman03
555 1088 639 1141 sin
671 1091 852 1142 autem
881 1089 961 1142 ita
992 1092 1134 1142 esset
1165 1089 1401 1160 eductuS,
1431 1094 1494 1143 ut
1523 1091 1591 1145 ad
1622 1108 1770 1145 mare
1799 1109 1916 1162 per·

247 1162 429 1216 venire
465 1180 575 1215 non
613 1165 811 1231 posset,
849 1165 966 1215 tum
1005 1163 1243 1216 salutare
1273 1164 1475 1217 nostris
1503 1163 1658 1218 fore?
1694 1163 1778 1218 Ex
1810 1182 1914 1234 quo

248 1236 347 1289 illa
385 1235 719 1289 admirabilis
758 1254 792 1288 a
829 1235 1123 1289 maioribus
1162 1235 1409 1291 Albanae
1447 1255 1616 1307 aquae
1652 1237 1802 1292 facta
1831 1238 1915 1291 de-

249 1309 427 1363 ductio
475 1311 571 1362 est.
640 1307 775 1362 Cum
822 1312 1001 1362 autem
1039 1308 1292 1363 Veientes
1337 1310 1482 1364 bello
1526 1310 1657 1364 fessi
1701 1311 1915 1383 legatos
1940 1325 1982 1358 15

249 1383 318 1436 ad
363 1385 609 1436 senatum
647 1381 944 1453 misissent,
990 1386 1107 1436 tum
1145 1401 1209 1436 ex
1245 1383 1313 1437 iis
1352 1384 1569 1454 quidam
1608 1384 1805 1438 dixisse
1843 1385 1916 1438 di·

249 1457 387 1510 citur
423 1474 533 1509 non
568 1456 749 1509 omnia
778 1456 934 1508 illum
966 1456 1306 1527 transfugam
1338 1476 1527 1511 ausum
1558 1475 1674 1512 esse
1705 1458 1917 1512 senatui

250 1529 445 1599 dicere3
482 1529 539 1582 in
576 1529 747 1582 isdem
786 1529 928 1582 enim
966 1530 1096 1582 fatis
1136 1530 1395 1600 scriptum
1425 1530 1678 1585 Veientes
1715 1531 1916 1585 habere

247 1604 364 1657 fore
401 1606 464 1656 ut
500 1602 653 1656 brevi
691 1622 724 1656 a
762 1601 935 1656 Gallis
973 1603 1148 1657 Roma
1186 1607 1481 1674 caperetur,
1523 1605 1664 1675 quod
1701 1605 1916 1675 quidem

249 1676 499 1731 sexennio
537 1679 664 1747 post
700 1675 864 1730 Veios
904 1679 1091 1747 captos
1128 1677 1332 1731 factum
1370 1696 1486 1731 esse
1523 1678 1779 1732 videmus,
1939 1693 1983 1726 80

161 1727 244 1832 ᾗῇ
361 1748 531 1824 Saepe
569 1749 734 1802 etiam
766 1752 821 1803 et
849 1750 907 1803 in
936 1750 1158 1820 proeliis
1180 1749 1352 1803 Fauni
1383 1751 1553 1805 auditi
1583 1754 1639 1805 et
1666 1752 1726 1805 in
1754 1752 1914 1806 rebus

247 1824 478 1878 turbidis
517 1823 780 1877 veridicae
817 1841 974 1877 voces
1015 1842 1078 1876 ex
1117 1825 1326 1878 occulto
1365 1824 1561 1878 missae
1592 1842 1708 1878 esse
1739 1825 1916 1880 dicun-

247 1900 361 1967 tur3
406 1897 555 1951 cuius
606 1896 816 1967 generis
863 1897 966 1950 duo
1014 1896 1123 1949 sint
1169 1915 1233 1950 ex
1277 1898 1464 1951 multis
1511 1898 1776 1968 exempla,
1821 1898 1916 1952 sed

249 1988 519 2024 maxuma:
573 1969 717 2023 Nam
760 1988 871 2024 non
907 1970 1079 2023 multo
1119 1973 1244 2024 ante
1282 1971 1470 2024 urbem
1509 1975 1724 2042 captam
1761 1989 1915 2025 exau·

250 2044 363 2098 dita
411 2062 516 2098 vox
562 2046 645 2097 est
690 2062 724 2098 a
766 2043 887 2097 luco
925 2042 1146 2113 Vestae,
1197 2043 1289 2113 qui
1334 2062 1367 2098 a
1402 2043 1602 2098 Palatii
1645 2044 1822 2099 radice
1858 2044 1916 2098 in
1938 2058 1981 2092 2⁵

247 2136 445 2171 novam
496 2117 642 2171 viam
687 2116 915 2171 devexus
962 2120 1065 2187 est,
1118 2120 1180 2170 ut
1227 2117 1365 2170 muri
1408 2121 1463 2171 et
1505 2121 1695 2188 portae
1739 2118 1916 2172 refice-

249 2194 456 2260 rentur3
504 2190 746 2243 futurum
794 2208 932 2259 esse,
979 2190 1086 2257 nisi
1122 2190 1399 2260 provisum
1437 2194 1600 2260 esset,
1643 2193 1708 2245 ut
1741 2190 1916 2245 Roma

250 2267 543 2335 caperetur.
612 2263 764 2326 Quod
801 2264 1107 2334 neglectum
1144 2266 1276 2333 tum,
1315 2283 1435 2318 cum
1473 2264 1649 2318 caveri
1685 2267 1915 2334 poterat,

249 2340 375 2408 post
419 2339 692 2407 acceptam
731 2337 886 2391 illam
927 2337 1217 2391 maximam
1254 2337 1460 2391 cladem
1497 2338 1771 2408 expiatum
1809 2340 1914 2407 est3

251 2430 345 2464 ara
383 2410 525 2464 enim
561 2410 666 2464 Aio
704 2410 992 2481 Loquenti,
1038 2428 1200 2480 quam
1238 2413 1482 2481 saeptam
1517 2410 1786 2480 videmus,
1830 2429 1914 2464 ex·
1937 2425 1981 2458 80

251 2485 505 2538 adversus
566 2501 687 2537 eum
748 2484 925 2537 locum
978 2486 1288 2537 consecrata
1339 2487 1435 2538 est.
1517 2483 1698 2554 Atque
1751 2483 1914 2538 etiam

251 2558 510 2627 scriptum
549 2576 581 2610 a
618 2557 806 2610 multis
845 2559 943 2626 est,
981 2575 1101 2610 cum
1135 2560 1311 2610 terrae
1341 2560 1521 2611 motus
1550 2557 1727 2611 factus
1756 2559 1914 2627 esset,

250 2634 310 2685 ut
348 2649 442 2684 sue
479 2631 641 2700 plena
676 2629 985 2701 procuratio
1015 2630 1185 2699 fieret,
1222 2648 1407 2684 vocem
1437 2631 1507 2683 ab
1539 2630 1666 2684 aede
1692 2628 1912 2683 Iunonis

251 2723 314 2757 ex
353 2721 473 2758 arce
512 2704 776 2773 extitisse3
815 2703 1062 2773 quocirca
1098 2703 1356 2757 Iunonem
1393 2703 1547 2756 illam
1584 2703 1912 2772 appellatam

251 2777 537 2830 Monetam.
597 2776 746 2830 Haec
775 2776 943 2848 igitur
973 2779 1028 2830 et
1058 2795 1092 2830 a
1122 2776 1202 2829 dis
1234 2776 1537 2847 significata
1567 2778 1621 2828 et
1651 2793 1685 2828 a
1709 2775 1911 2829 nostris
1934 2789 1977 2824 ³⁵

252 2850 545 2903 maioribus
583 2850 818 2903 iudicata
856 2849 1283 2903 contemnimus?

166 2932 248 2974 102
358 2921 545 2992 Neque
588 2923 764 2977 solum
802 2923 1022 2976 deorum
1061 2939 1216 2976 voces
1253 2921 1583 2993 Pythagorei
1622 2921 1908 2975 observita·
