2002 3178
129 1888 160 1989 ahl>—

138 2869 162 2907 8

193 178 301 231 254
894 175 974 219 DE
1006 174 1160 219 FATO

192 299 439 368 possunt,
477 298 539 348 ut
575 295 632 347 in
669 295 765 348 illo
805 295 1090 362 naufragO,
1129 297 1191 347 ut
1226 293 1282 346 in
1319 293 1522 363 Icadio,
1560 296 1622 346 ut
1658 292 1716 346 in
1743 289 1859 347 Da·

191 371 366 440 phita3
406 369 667 438 quaedam
707 369 870 421 etiam
900 368 1220 421 Posidonius
1253 366 1406 437 (pace
1437 367 1689 438 magistri
1719 366 1858 420 dixe·

191 443 316 515 rim)
356 441 686 496 comminisci
723 442 956 510 videtur3
996 444 1122 494 sunt
1162 441 1375 510 quidem
1414 441 1660 494 absurda.
1720 438 1858 502 Quid

192 516 369 570 enim?
416 516 462 568 si
500 515 772 585 Daphitae
818 515 992 567 fatum
1036 514 1142 567 fuit
1188 532 1250 567 ex
1297 532 1433 584 equo
1471 514 1659 568 cadere
1697 516 1859 584 atque

190 591 268 643 ita
304 589 500 660 perire,
546 607 609 642 ex
647 589 815 641 hocne
855 607 990 657 equo
999 630 1013 657 ‚
1062 587 1153 657 qui
1191 606 1313 641 cum
1351 605 1518 657 equus
1555 605 1664 640 non
1702 589 1859 656 esset,
1902 601 1921 634 ὅ

190 682 386 717 nomen
430 662 667 715 habebat
706 662 976 715 alienum?
1024 664 1118 714 aut
1155 660 1440 731 Philippus
1477 661 1647 714 hasne
1682 660 1740 714 in
1777 678 1858 714 ca-

189 738 316 807 pulo
351 736 699 807 quadrigulas
730 735 902 788 vitare
934 735 1290 788 monebatur?
1325 734 1478 804 quasi
1508 751 1635 787 vero
1666 734 1858 803 capulo

192 811 264 864 sit
304 810 522 864 occisus,
576 808 714 871 Quid
746 811 926 862 autem
950 825 1209 879 magnum
1240 811 1335 861 aut
1357 807 1680 878 naufragum
1701 807 1865 860 illum-

190 884 303 937 sine
347 883 563 936 nomine
607 882 665 935 in
707 882 825 935 rivo
873 900 989 935 esse
1036 882 1285 951 lapsum?
1339 878 1690 952 (quamquam
1733 879 1859 933 huic

193 957 405 1026 quidem
448 956 537 1009 hic
583 955 770 1009 scribit
814 955 1146 1025 praedictum
1191 955 1249 1007 in
1293 973 1434 1023 aqua
1478 971 1594 1007 esse
1638 971 1859 1024 pereun—
1882 969 1924 1001 ιο

192 1029 363 1101 dum);
415 1047 483 1082 ne
527 1029 740 1082 hercule
785 1027 951 1081 Icadii
998 1028 1210 1097 quidem
1254 1027 1538 1098 praedonis
1583 1026 1737 1081 video
1780 1026 1858 1079 fa-

190 1107 303 1156 tum
352 1103 545 1171 ullum3
596 1102 733 1154 nihil
785 1101 925 1154 enim
971 1101 1159 1155 scribit
1205 1101 1254 1154 ei
1298 1100 1646 1171 praedictum.
1720 1098 1859 1162 Quid

190 1177 386 1230 mirum
431 1176 598 1247 igitur
643 1193 706 1228 ex
752 1175 1006 1245 spelunca
1050 1192 1238 1227 saxum
1283 1173 1342 1227 in
1389 1192 1544 1228 crura
1581 1173 1695 1227 eius
1731 1172 1856 1227 inci-

192 1250 369 1303 disse?
418 1251 551 1319 puto
601 1248 764 1318 enim,
816 1247 1028 1301 etiamsi
1076 1246 1287 1301 Icadius
1336 1250 1453 1301 tum
1501 1247 1560 1300 in
1604 1246 1861 1318 spelunca

190 1342 299 1377 non
335 1323 542 1391 fuisset,
583 1340 769 1375 saxum
807 1324 991 1374 tamen
1027 1321 1164 1374 illud
1195 1339 1442 1375 casurum
1471 1320 1652 1373 fuisse.
1714 1319 1857 1374 Nam
1881 1336 1922 1370 ιε

190 1400 283 1450 aut
319 1396 455 1449 nihil
495 1395 712 1449 omnino
752 1397 836 1448 est
871 1394 1170 1464 fortuitum,
1210 1397 1304 1447 aut
1340 1395 1443 1448 hoc
1472 1393 1649 1463 ipsum
1679 1392 1859 1464 potuit

192 1470 402 1523 evenire
447 1469 680 1522 fortuna.
749 1467 957 1530 Quaero
995 1468 1163 1539 igitur
1202 1465 1386 1538 (atque
1423 1466 1527 1520 hoc
1563 1467 1674 1519 late
1711 1469 1858 1536 pate-

193 1542 311 1615 bit),
351 1542 397 1595 si
426 1542 529 1595 fati
560 1541 777 1595 omnino
807 1542 1015 1594 nullum
1046 1558 1256 1610 nomen,
1285 1541 1438 1593 nulla
1466 1542 1676 1609 natura,
1706 1539 1858 1592 nulla

191 1617 273 1670 vis
327 1619 469 1669 esset
522 1617 577 1669 et
628 1615 767 1668 forte
813 1618 1013 1668 temere
1058 1632 1185 1669 casu
1230 1617 1325 1667 aut
1367 1614 1624 1684 pleraque
1667 1613 1858 1672 fierent

192 1692 286 1743 aut
331 1688 533 1759 omnia,
578 1707 707 1741 num
745 1688 926 1757 aliter,
973 1706 1034 1742 ac
1071 1706 1212 1741 nunc
1251 1687 1522 1756 eveniunt,
1569 1686 1856 1740 evenirent.
1880 1703 1923 1735 20

192 1762 330 1825 Quid
362 1780 490 1834 ergo
524 1762 729 1815 adtinet
759 1761 1026 1815 inculcare
1055 1760 1245 1830 fatum,
1276 1779 1396 1814 cum
1427 1759 1541 1813 sine
1570 1759 1686 1813 fato
1715 1759 1856 1813 ratio

192 1835 430 1891 omnium
468 1853 646 1889 rerum
685 1835 752 1888 ad
789 1838 1038 1887 naturam
1074 1833 1414 1887 fortunamve
1451 1831 1751 1886 referatur?

302 1908 405 1962 Sed
441 1907 804 1977 Posidonium,
843 1908 983 1961 sicut
1021 1925 1249 1976 aequum
1280 1909 1377 1976 est,
1414 1924 1535 1960 cum
1566 1907 1709 1959 bona
1739 1923 1857 1977 gra-

191 1982 270 2036 tia
302 1982 651 2051 dimittamus,
690 1980 758 2034 ad
789 1980 1078 2051 Chrysippi
1108 1981 1329 2050 laqueos
1358 1981 1707 2033 revertamur.
1758 1978 1862 2032 Oui.

192 2055 404 2125 quidem
442 2055 675 2126 primum
715 2054 778 2107 de
815 2055 936 2124 ipsa
973 2053 1290 2124 contagione
1326 2071 1506 2106 rerum
1543 2051 1858 2122 respondea-
1880 2068 1924 2101 2⁵

192 2148 331 2199 muS‚
377 2129 583 2198 reliqua
618 2131 808 2199 postea
846 2146 1238 2197 persequemur.
1305 2125 1455 2180 Inter
1491 2126 1731 2180 locorum
1765 2143 1858 2178 na-

196 2206 343 2255 turas
391 2205 652 2272 quantum
688 2201 924 2268 intersit,
970 2200 1234 2269 videmus;
1279 2197 1414 2253 alios
1454 2216 1570 2253 esse
1609 2198 1856 2267 salubri8‚

193 2276 326 2328 alios
377 2274 681 2345 pestilentis
691 2316 705 2343 ‚
749 2274 808 2326 in
853 2273 975 2327 aliis
1014 2292 1129 2327 esse
1168 2273 1458 2343 pituitosos
1495 2274 1552 2325 et
1588 2272 1742 2341 quasi
1778 2279 1856 2324 re·

193 2349 502 2418 dundantiS‚
544 2348 602 2400 in
640 2347 760 2401 aliis
801 2347 1095 2400 exsiccatos
1134 2350 1295 2416 atque
1333 2345 1536 2414 aridos3
1581 2345 1856 2413 multaque

193 2425 317 2475 sunt
356 2422 477 2489 alia,
516 2438 650 2490 quae
676 2418 830 2473 'inter
867 2420 1045 2473 locum
1085 2422 1140 2473 et
1176 2419 1354 2473 locum
1392 2418 1683 2489 plurimum
1713 2417 1857 2471 diffe-
1878 2433 1920 2467 ³0

191 2498 329 2547 rant.
405 2493 633 2547 Athenis
673 2497 832 2546 tenue
870 2493 1098 2562 caelum,
1144 2510 1208 2546 ex
1229 2494 1351 2562 'quo
1390 2491 1554 2545 etiam
1591 2490 1856 2544 acutiores

192 2570 450 2636 putantur
487 2567 672 2636 Attici,
711 2585 950 2620 crassum
988 2565 1201 2633 Thebis,
1239 2565 1420 2634 itaque
1457 2564 1684 2635 pingues
1723 2563 1853 2624 The-

192 2641 319 2693 bani
351 2645 405 2693 et
433 2641 687 2694 valentes
741 2639 945 2692 Tamen
975 2657 1145 2708 neque
1177 2638 1312 2691 illud
1335 2641 1494 2691 tenue
1517 2637 1724 2691 caelum
1747 2635 1855 2689 effi-

193 2714 317 2781 ciet,
362 2717 424 2765 ut
470 2716 564 2766 aut
603 2713 868 2766 Zenonem
913 2712 1032 2781 quis
1079 2714 1174 2764 aut
1212 2711 1510 2764 Arcesilam
1556 2712 1651 2762 aut
1688 2709 1856 2763 Theo-

193 2786 475 2854 phrastum
530 2786 733 2852 audiat,
784 2803 955 2853 neque
1009 2802 1270 2852 crassum,
1321 2786 1383 2837 ut
1427 2782 1632 2836 Nemea
1675 2781 1856 2852 potius
1879 2797 1919 2830 35

197 2876 357 2926 quam
387 2858 596 2911 Isthmo
636 2858 917 2911 victoriam
949 2860 1114 2926 petat.
1174 2857 1407 2926 Diiunge
1438 2855 1667 2925 longius,
1719 2854 1856 2917 Quid

195 2931 335 2982 enim
382 2930 484 2984 loci
529 2934 723 2984 natura
772 2931 977 2983 adferre
1016 2933 1220 2999 potest,
1264 2932 1325 2982 ut
1356 2929 1417 2981 >in
1455 2928 1664 2998 porticu
1703 2927 1856 2982 Pom-
