2002 3178
204 155 311 208 206
775 150 858 196 DE
887 150 1291 198 DIVINATIONE

203 272 307 327 Sed
342 276 524 326 tamen
561 291 682 326 cum
719 271 987 342 explicare
1023 271 1161 325 nihil
1197 290 1400 343 posses,
1436 273 1695 344 pugnasti
1729 293 1867 329 com-

202 346 572 399 menticiorum
611 346 978 415 exemplorum
1016 345 1242 400 mirifica
1279 346 1448 416 copia.
1506 347 1588 400 De
1627 366 1733 416 quo
1763 349 1867 418 pri·
1925 381 1930 385 -

202 439 348 473 mum
395 431 498 473 noc
543 419 678 472 libet
715 419 909 473 dicere:
953 418 1072 473 Hoc
1117 437 1218 490 ego
1257 419 1569 504 philosophi
1603 439 1714 476 non
1751 440 1868 476 esse

201 493 457 557 arbitror,
502 493 733 546 testibus
779 492 885 562 uti,
931 492 1024 562 qui
1070 496 1165 546 aut
1209 510 1337 546 casu
1372 511 1488 547 ven
1524 497 1620 548 aut
1655 495 1868 549 malitia

199 566 326 619 falsi
370 566 587 636 fictique
633 584 749 620 esse
795 568 1046 636 possunt3
1094 566 1428 637 argumentis
1473 569 1531 621 et
1565 567 1866 623 rationibus
1910 587 1933 620 ε

202 642 432 709 oportet,
472 657 636 709 quare
668 639 912 709 quidque⁴
929 639 1008 692 ita
1038 638 1125 708 sit,
1163 640 1367 710 docere,
1401 658 1513 694 non
1542 642 1763 714 eventis,
1798 643 1868 697 iis

203 712 536 783 praesertim,
575 712 769 782 quibus
807 712 942 766 mihi
979 713 1141 766 liceat
1175 731 1288 767 non
1324 714 1551 770 credere.

117 764 185 868 ἐξ
310 785 389 840 Ut
429 785 609 840 ordiar
646 786 716 839 ab
754 785 1120 856 haruspicina,
1166 804 1327 856 quam
1365 805 1465 858 ego
1504 787 1584 842 rei
1619 788 1867 859 publicae

203 878 363 912 causa
407 859 809 929 communisque
853 860 1132 930 religionis
1171 860 1449 914 colendam
1487 879 1692 916 censeo.
1764 860 1870 917 Sed

201 933 305 986 soli
351 951 556 1003 sumus3
604 932 732 987 licet
775 951 961 986 verum
1000 933 1274 1002 exquirere
1313 933 1427 987 sine
1463 934 1688 1006 invidia,
1733 936 1869 990 mihi
1892 954 1935 987 ιο

201 1006 520 1077 praesertim
550 1006 614 1059 de
651 1006 921 1076 plerisque
953 1006 1236 1060 dubitanti.
1287 1005 1655 1079 Inspiciamus,
1686 1008 1735 1063 si
1755 1010 1869 1080 pla·

202 1083 300 1148 cet,
332 1082 456 1132 exta
486 1079 735 1149 primum.
786 1078 1104 1133 Persuaderi
1124 1080 1294 1150 igitur
1316 1081 1565 1150 cuiquam
1586 1085 1769 1152 potest
1791 1101 1868 1154 ea,

203 1172 337 1222 quae
369 1152 662 1223 significari
694 1153 941 1207 dicuntur
963 1153 1116 1222 extiS,
1146 1153 1366 1224 cognita
1395 1172 1511 1208 esse
1534 1154 1604 1209 ab
1626 1155 1869 1227 haruspi-

200 1227 351 1280 cibus
383 1226 758 1279 observatione
788 1226 1076 1280 diuturna?
1115 1224 1288 1288 Quam
1319 1227 1572 1282 diuturna
1592 1228 1703 1284 ista
1722 1229 1868 1285 fuit?

202 1302 296 1353 aut
323 1318 484 1369 quam
507 1299 803 1370 longinquo
826 1303 1068 1370 tempore
1092 1300 1370 1354 observari
1396 1301 1613 1371 potuit?
1643 1305 1739 1357 aut
1762 1322 1867 1374 quo
1891 1319 1934 1353 15

202 1373 360 1426 modo
384 1375 468 1426 est
498 1373 772 1427 conlatum
802 1372 944 1426 inter
965 1373 1130 1443 ipsos,
1162 1392 1297 1443 quae
1319 1392 1447 1444 pars
1469 1374 1701 1446 inimica,
1731 1395 1867 1447 quae

200 1464 328 1517 pars
379 1445 661 1499 familiaris
711 1449 874 1516 esset,
928 1447 1071 1515 quod
1117 1447 1306 1501 fissum
1351 1447 1672 1519 periculum,
1725 1450 1868 1520 quod

202 1519 540 1574 commodum
578 1519 798 1589 aliquod
837 1519 1177 1574 ostenderet?
1237 1519 1327 1574 An
1355 1520 1488 1576 haec
1517 1521 1661 1575 inter
1687 1540 1747 1578 se
1775 1523 1868 1577 ha-

201 1593 439 1663 ruspices
483 1592 724 1662 Etrusci,
771 1592 902 1662 Elii,
948 1593 1228 1664 Aegyptii,
1275 1593 1445 1648 Poeni
1487 1595 1867 1651 contulerunt?

204 1667 278 1719 At
326 1666 402 1735 id,
450 1669 829 1737 praeterquam
875 1666 1018 1736 quod
1061 1667 1178 1720 fieri
1221 1685 1332 1721 non
1373 1667 1575 1738 potuit,
1621 1687 1691 1724 ne
1733 1669 1869 1741 fingi
1891 1685 1935 1718 ²⁰

203 1739 416 1809 quidem
468 1742 673 1809 potest3
725 1739 862 1794 alios
916 1739 1057 1793 enim
1110 1739 1219 1794 alio
1264 1758 1414 1794 more
1457 1741 1698 1797 videmus
1744 1746 1869 1798 exta

115 1823 169 1863 29
201 1812 568 1883 interpretari,
611 1830 710 1867 nec
751 1830 868 1866 esse
894 1831 1067 1877 ¹unam
1105 1813 1344 1867 omnium
1382 1813 1735 1884 disciplinam.
1792 1816 1869 1870 Et

201 1889 359 1954 certe,
398 1886 445 1938 si
484 1888 568 1938 est
603 1885 662 1938 in
698 1885 836 1939 extis
875 1885 1058 1955 aliqua
1094 1885 1194 1956 vis,
1232 1905 1368 1956 quae
1406 1887 1642 1942 declaret
1668 1887 1867 1959 futura,

200 1976 416 2012 necesse
454 1961 538 2011 est
576 1976 695 2011 eam
733 1961 827 2012 aut
864 1976 985 2014 cum
1021 1977 1202 2013 rerum
1237 1962 1435 2014 natura
1471 1978 1588 2016 esse
1625 1961 1869 2016 coniunc-

201 2035 317 2084 tam
369 2034 463 2084 aut
516 2031 840 2085 conformari
893 2032 1124 2101 quodam
1178 2033 1336 2087 modo
1384 2034 1603 2089 numine
1647 2035 1868 2090 deorum
1890 2050 1935 2085 2⁶

202 2105 361 2173 vique
401 2104 594 2158 divina.
656 2103 792 2159 Cum
829 2123 1009 2159 rerum
1043 2108 1241 2160 natura
1276 2109 1433 2161 tanta
1469 2110 1686 2178 tamque
1719 2127 1868 2179 prae·

203 2178 349 2231 clara
392 2177 450 2230 in
495 2196 680 2231 omnes
723 2181 908 2248 partes
953 2181 1238 2248 motusque
1277 2180 1470 2234 diffusa
1506 2180 1635 2251 quid
1669 2180 1868 2236 habere

202 2253 384 2321 potest
415 2269 694 2305 commune
724 2269 833 2304 non
858 2252 1029 2306 dicam
1054 2253 1412 2323 gallinaceum
1437 2253 1512 2307 fel
1536 2251 1688 2325 (sunt
1710 2255 1868 2324 enim,

204 2323 295 2392 qui
331 2324 419 2377 vel
457 2323 806 2394 argutissima
843 2325 975 2378 haec
1013 2328 1137 2378 exta
1175 2343 1291 2379 esse
1329 2325 1557 2396 dicant),
1594 2326 1690 2381 sed
1725 2328 1868 2381 tauri

119 2445 186 2497 13
205 2396 371 2466 opimi
415 2396 561 2450 iecur
605 2399 699 2450 aut
743 2415 838 2481 cor
880 2400 974 2451 aut
996 2470 1007 2481 ⁸
1015 2399 1208 2467 pulmo.
1239 2398 1367 2468 quid
1395 2398 1571 2483 ’habet
1606 2401 1870 2485 naturale,
1892 2416 1937 2449 ao

117 2509 172 2548 ³⁰
204 2469 1067 2614 ἓέἑῖῃᾱῗέῗῖἱζὲἕῗῖἰςὲΐὲῗ,
1083 2471 1487 2615 ᾞῖᾞῗεῑὶἴῖἷ,
1529 2471 1668 2615 {1³3¹
1669 2476 1870 2618 {3232

204 2615 339 2667 nihil
379 2615 750 2685 adrogantius:

278 2686 453 2749 Qu6d
514 2690 611 2740 est
664 2691 810 2742 ante
862 2689 1076 2758 pedes,
1135 2692 1314 2743 nemo
1369 2693 1648 2760 spectat,
1707 2692 1872 2745 caeli

1069 2766 1445 2816 scrutantur
1480 2764 1724 2834 plagas.

208 2830 408 2884 Verum
453 2834 499 2884 is
549 2836 733 2886 tamen
776 2833 968 2887 habitu
1013 2837 1256 2888 extorum
1304 2838 1359 2888 et
1395 2836 1573 2889 colore
1611 2836 1872 2890 declarari
1894 2851 1936 2885 οε

206 2907 385 2956 censet
422 2904 554 2957 haec
593 2906 894 2959 dumtaxat:
932 2907 1121 2974 pabuli
1159 2926 1327 2978 genus
1366 2911 1421 2960 et
1458 2927 1640 2962 earum
1678 2927 1872 2977 rerum,
