2002 3178
528 122 640 169 ΜΒ.
673 122 708 168 1.
750 120 878 167 CAP.
910 124 1099 166 25—28.
1132 124 1158 175 s
1188 123 1378 165 54—59.
1691 113 1795 168 167

118 247 365 301 Alterum
394 244 476 298 ita
505 242 769 297 traditum
801 243 1007 297 clarum
1032 241 1319 295 admodum
1343 238 1635 293 somnium:
1661 235 1798 291 Cum
1829 243 1883 285 57

118 320 223 375 duo
273 317 492 390 quidam
529 316 769 371 Arcades
818 315 1118 369 familiares
1162 315 1268 368 iter
1312 332 1421 367 una
1463 313 1706 366 facerent
1744 312 1800 363 et

116 393 398 466 Megaram
433 391 731 461 venissent,
777 391 1009 444 alterum
1048 388 1117 443 ad
1154 406 1452 458 cauponem
1491 385 1800 453 devertisse,

119 468 189 523 ad
224 466 496 538 hospitem
535 466 782 519 alterum.
843 463 946 526 Qui
983 466 1046 516 ut
1083 462 1261 517 cenati
1292 462 1641 532 quiescerent,
1680 476 1801 513 con-

75 557 97 591 s
119 541 278 597 cubia
311 543 471 595 nocte
509 539 687 594 visum
726 556 843 592 esse
881 538 940 591 in
977 537 1181 591 somnis
1221 535 1286 606 ei,
1315 535 1419 605 qui
1458 536 1576 588 erat
1613 534 1672 586 in
1707 532 1802 585 ho-

120 615 308 687 spitio,
351 614 509 668 illum
547 613 779 667 alterum
819 629 996 682 orare,
1040 613 1104 664 ut
1142 609 1476 679 subveniret,
1516 607 1660 678 quod
1697 605 1803 659 sibi

121 709 156 744 a
190 706 431 760 caupone
460 687 714 741 interitus
745 688 1054 757 pararetur3
1093 702 1215 738 eum
1243 683 1420 754 primo
1452 680 1802 753 perterritum

121 763 332 818 somnio
378 761 696 831 surrexisse3
742 759 866 813 dein
911 778 1031 814 cum
1071 775 1128 812 se
1166 757 1494 828 conlegisset
1530 755 1692 825 idque
1728 754 1805 808 vi·

122 855 242 892 sum
285 854 386 907 pro
429 835 603 888 nihilo
648 834 955 887 habendum
1002 850 1118 886 esse
1165 831 1429 900 duxisset,
1473 829 1805 897 recubuisse3

57 926 100 960 10
120 914 241 966 tum
279 909 329 964 ei
357 908 645 963 dormienti
676 907 903 961 eundem
933 907 1090 959 illum
1122 906 1299 959 visum
1331 922 1448 958 esse
1479 921 1690 974 rogare,
1727 904 1805 971 ut,

123 983 379 1056 quoniam
416 982 522 1036 sibi
558 981 684 1036 vivo
721 999 832 1035 non
871 979 1234 1049 subvenisset,
1272 981 1508 1032 mortem
1546 995 1700 1031 suam
1737 993 1806 1029 ne

121 1059 353 1113 inultam
396 1074 514 1116 esse
559 1058 857 1127 pateretur3
909 1072 967 1108 se
1012 1052 1358 1107 interfectum
1403 1051 1462 1105 in
1498 1051 1807 1122 plaustrum

123 1151 158 1188 a
201 1149 442 1202 caupone
488 1148 605 1184 esse
643 1129 942 1184 coniectum
983 1130 1038 1182 et
1076 1146 1242 1198 supra
1280 1130 1488 1180 stercus
1526 1125 1808 1193 iniectum,

122 1209 322 1278 petere,
359 1207 422 1259 ut
458 1222 616 1258 mane
655 1203 724 1258 ad
760 1206 979 1274 portam
1011 1201 1239 1271 adesset,
1277 1200 1430 1271 prius
1464 1218 1627 1270 quam
1658 1199 1808 1269 plau-

60 1294 102 1329 ιο
125 1283 300 1335 strum
338 1297 404 1334 ex
442 1277 640 1349 oppido
680 1277 865 1331 exiret.
932 1275 1052 1330 Hoc
1089 1293 1218 1329 vero
1258 1293 1380 1328 eum
1420 1273 1629 1328 somnio
1670 1291 1810 1326 com-

125 1357 336 1409 motum
373 1370 532 1406 mane
565 1351 800 1405 bubulco
832 1353 1052 1421 praesto
1086 1349 1154 1403 ad
1183 1352 1401 1420 portam
1430 1347 1614 1417 fuisse,
1654 1364 1810 1416 quae·

125 1428 262 1483 sisse
300 1445 364 1481 ex
403 1444 482 1496 eo,
520 1425 649 1496 quid
688 1427 831 1478 esset
868 1424 926 1477 in
960 1424 1232 1494 plaustr03
1271 1423 1430 1475 illum
1460 1422 1811 1493 perterritum

124 1501 346 1574 fugisse,
383 1503 659 1554 mortuum
696 1501 910 1552 erutum
949 1515 1081 1568 esse,
1120 1514 1417 1568 cauponem
1447 1514 1507 1550 re
1536 1494 1812 1566 patefacta

127 1593 331 1648 poenas
369 1574 592 1634 dedisse.

61 1664 105 1698 20
238 1647 380 1712 Quid
426 1648 531 1702 hoc
580 1646 790 1701 somnio
840 1645 944 1699 dici
988 1648 1173 1716 potest
1210 1644 1480 1698 divinius?
1542 1641 1646 1696 Sed
1686 1641 1814 1713 quid
1831 1612 1900 1717 ἓξ

129 1727 224 1779 aut
272 1723 432 1793 plura
481 1724 576 1775 aut
623 1723 810 1775 vetera
860 1718 1204 1789 quaerimus?
1266 1716 1437 1788 Saepe
1482 1716 1587 1770 tibi
1633 1735 1811 1770 meum

127 1795 362 1867 narravi,
400 1813 561 1866 saepe
600 1813 665 1849 ex
702 1797 758 1847 te
798 1793 979 1847 audivi
1017 1796 1172 1845 tuum
1212 1793 1504 1846 somnium:
1551 1809 1652 1861 me,
1691 1809 1813 1844 cum

129 1870 293 1925 Asiae
344 1887 445 1941 pro
483 1886 590 1923 cos.
628 1885 957 1939 praeessem,
1004 1867 1203 1920 vidisse
1241 1866 1301 1919 in
1340 1865 1541 1935 quiete,
1592 1883 1712 1918 cum
1752 1867 1814 1918 tu

129 1963 269 2016 equo
307 1944 562 1998 advectus
601 1942 670 1996 ad
702 1941 972 2012 quandam
1003 1941 1190 2012 magni
1220 1939 1458 1993 fluminis
1485 1939 1663 2010 ripam
1693 1957 1814 2009 pro-

65 2034 108 2067 25
131 2021 318 2074 vectus
364 2017 546 2072 subito
593 2019 756 2086 atque
796 2015 1048 2086 delapsus
1087 2015 1144 2068 in
1180 2014 1383 2068 flumen
1418 2032 1686 2083 nusquam
1726 2031 1815 2083 ap-

131 2092 428 2165 paruisses,
471 2109 559 2144 me
604 2089 991 2144 contremuisse
1037 2088 1234 2142 timore
1279 2088 1653 2158 perterritum3
1674 2118 1678 2122 ·
1698 2089 1816 2139 tum

131 2170 187 2221 te
224 2168 445 2237 repente
484 2165 690 2219 laetum
728 2163 1002 2217 exstitisse
1038 2162 1331 2232 eodemque
1363 2180 1501 2232 equo
1534 2162 1817 2215 adversam

133 2239 438 2295 ascendisse
490 2238 690 2311 ripam,
741 2254 948 2307 nosque
1000 2236 1144 2290 inter
1190 2254 1291 2290 nos
1342 2253 1460 2290 esse
1512 2236 1816 2306 conplexos.

133 2313 332 2369 Facilis
371 2312 680 2368 coniectura
716 2311 876 2365 huius
916 2310 1135 2380 somnii,
1181 2310 1422 2380 mihique
1462 2329 1495 2364 a
1532 2309 1722 2381 peritis
1760 2309 1819 2362 in

69 2403 112 2436 ³0
135 2387 269 2442 Asia
305 2387 642 2458 praedictum
681 2388 764 2439 est
800 2385 918 2439 fore
949 2402 1041 2439 eos
1074 2387 1297 2438 eventus
1327 2403 1524 2454 rerum,
1563 2384 1656 2453 qui
1687 2383 1819 2437 acci-

134 2462 343 2516 derunt.
407 2459 582 2514 Venio
619 2478 762 2513 nunc
800 2459 868 2512 ad
906 2461 1075 2513 tuum.
1135 2457 1335 2512 Audivi
1375 2458 1622 2528 equidem
1662 2475 1726 2510 ex
1761 2460 1816 2510 te
1849 2468 1902 2507 59

133 2536 272 2608 ipso,
310 2533 403 2589 sed
440 2533 576 2588 mihi
614 2533 828 2604 saepius
857 2535 1044 2587 noster
1075 2530 1369 2586 Sallustius
1399 2531 1659 2601 narravit,
1698 2549 1818 2584 cum

134 2609 194 2664 in
227 2609 329 2663 illa
363 2607 498 2680 fuga
527 2607 685 2662 nobis
718 2606 972 2678 gloriosa,
1009 2607 1220 2678 patriae
1251 2605 1572 2660 calamitosa
1600 2605 1659 2657 in
1688 2605 1820 2658 villa

137 2683 369 2755 quadam
416 2681 595 2753 campi
632 2680 876 2734 Atinatis
923 2698 1167 2734 maneres
1207 2698 1569 2751 magnamque
1607 2681 1820 2749 partem

71 2771 116 2806 οδ
137 2756 315 2812 noctis
360 2755 670 2828 vigilasses,
715 2754 784 2809 ad
828 2755 1003 2809 lucem
1050 2754 1276 2824 denique
1323 2757 1439 2807 arte
1487 2756 1542 2807 et
1581 2753 1820 2824 graviter

138 2829 371 2885 dormire
408 2833 464 2884 te
502 2829 768 2900 coepisse3
812 2829 1019 2899 itaque,
1065 2846 1394 2899 quamquam
1431 2827 1538 2881 iter
1574 2826 1820 2896 instaret,

138 2908 323 2960 tamen
368 2903 644 2958 silentium
688 2903 806 2957 fieri
851 2902 1074 2956 iussisse
1119 2920 1172 2957 se
1214 2920 1389 2971 neque
1435 2919 1552 2955 esse
1597 2919 1818 2970 passum
