2002 3178
641 103 1048 158 CAP.14—-1e.§
1078 109 1262 153 32—38.
1687 118 1796 175 265

115 242 272 280 mons
309 225 455 279 ullus
485 223 721 279 Peliusl'
759 225 1116 295 similiterque
1155 225 1434 296 superiora
1464 228 1796 296 repetentem

115 299 329 372 regredi
364 298 576 353 infinite
614 299 756 354 licet.
1635 330 1638 333 >

187 373 360 428 Neve
395 370 544 427 inde
582 373 768 428 navis
806 371 1159 428 inchoandi
1198 372 1525 427 ex6rdium

190 444 546 518 Coepisset.

72 535 94 569 ὁ
117 521 384 584 Quorsum
423 521 557 575 haec
593 521 926 591 praeterita?
987 519 1126 584 Quia
1164 522 1408 592 sequitur
1444 521 1605 575 illud:

189 594 350 650 Nam
393 597 736 665 numquam
783 613 891 649 era
937 613 1160 649 errans
1199 598 1335 650 mea
1373 596 1556 650 domo
1596 595 1796 651 ecfer-

1263 672 1365 724 ret
1401 670 1649 741 pedem,

188 742 430 812 Medea,
468 742 679 798 animo
719 761 942 815 aegra,
979 745 1198 798 amore
1235 762 1427 798 saevo
1468 744 1710 813 saucia,

115 817 155 888 †
175 835 287 872 non
321 819 384 871 ut
422 835 516 871 eae
553 835 640 872 res
679 835 899 872 causam
937 817 1212 872 adferrent
1250 818 1466 872 amoris,

226 890 495 946 Interesse
541 894 722 946 autem
762 892 937 962 aiunt,
984 895 1168 946 utrum
1205 892 1319 946 eius
1359 892 1506 947 modi
1545 891 1672 962 quid
1711 892 1885 967 sit‚33

54 980 95 1014 10
116 965 232 1020 sine
271 983 377 1035 quo
417 964 558 1019 effici
596 965 803 1036 aliquid
838 983 951 1020 ιιοιι
986 966 1178 1036 possit,
1216 985 1287 1020 an
1325 966 1439 1021 eius
1478 967 1638 1036 modi,
1677 985 1798 1020 cum

117 1058 224 1111 quo
262 1038 403 1094 effici
439 1038 646 1109 aliquid
681 1057 900 1094 necesse
939 1039 1028 1093 sit.
1089 1039 1259 1094 Nulla
1296 1040 1469 1125 igitur
1501 1059 1684 1094 earum
1716 1043 1800 1094 est

117 1131 300 1183 causa,
349 1112 605 1183 quoniam
652 1113 808 1168 nulla
853 1132 974 1168 eam
1018 1131 1134 1168 rem
1181 1133 1280 1168 sua
1316 1114 1374 1168 vi
1411 1114 1599 1184 efficit,
1649 1114 1798 1168 cuius

118 1205 281 1243 causa
310 1186 528 1257 dicitur3
564 1204 663 1242 nec
692 1187 763 1256 id,
796 1188 913 1242 sine
946 1206 1051 1258 quo
1085 1188 1364 1259 quippiam
1394 1206 1505 1242 non
1527 1189 1605 1258 fit,
1637 1206 1799 1242 causa

118 1264 224 1332 est,
273 1260 368 1316 sed
412 1259 490 1330 id,
543 1261 689 1331 quod
733 1279 855 1315 cum
893 1261 1141 1331 accessit,
1189 1262 1266 1332 id,
1311 1263 1461 1317 cuius
1500 1265 1585 1316 est
1623 1280 1799 1332 causa,

54 1348 94 1382 1⁵
118 1334 285 1390 efficit
334 1334 655 1390 necessario,
729 1333 985 1389 Nondum
1039 1335 1183 1390 enim
1235 1336 1477 1391 ulcerato
1532 1336 1797 1407 serpentis

119 1427 303 1464 morsu
339 1407 648 1463 Philocteta
693 1427 829 1480 quae
875 1424 1040 1464 causa
1084 1409 1143 1462 in
1179 1428 1360 1464 rerum
1397 1412 1596 1464 natura
1633 1411 1798 1464 conti-

117 1483 364 1553 nebatur,
397 1482 516 1537 fore
553 1485 616 1537 ut
652 1484 702 1537 is
733 1483 792 1537 in
820 1483 1002 1537 insula
1022 1483 1227 1538 Lemno
1261 1484 1632 1553 linqueretur?
1671 1487 1799 1554 post

119 1560 300 1612 autem
315 1556 320 1559 ’
337 1573 502 1611 causa
529 1555 637 1610 fuit
665 1557 889 1628 propior
919 1560 975 1611 et
1005 1576 1127 1611 cum
1158 1558 1306 1611 exitu
1335 1557 1582 1611 iunctior.
1635 1557 1798 1612 Ratio

120 1628 288 1703 igitur
325 1632 550 1684 eventus
585 1631 762 1700 aperit
791 1649 1026 1685 causam.
1089 1629 1195 1684 Sed
1222 1650 1287 1685 ex
1319 1631 1640 1685 aeternitate
1673 1650 1802 1686 vera

52 1717 96 1751 2⁰
117 1705 223 1759 fuit
259 1703 394 1758 haec
431 1704 754 1759 enuntiatio:
803 1704 1186 1775 ‘Relinquetur
1222 1704 1281 1758 in
1318 1704 1497 1759 insula
1533 1704 1800 1760 Philocte-

117 1777 245 1848 tes'‚
294 1795 395 1832 nec
445 1777 550 1832 hoc
594 1795 659 1832 ex
704 1796 832 1833 vero
878 1779 937 1832 in
981 1778 1182 1833 falsum
1220 1781 1438 1849 poterat
1474 1783 1800 1834 convertere.

117 1851 349 1908 Necesse
387 1853 472 1906 est
509 1851 653 1906 enim
681 1851 740 1906 in
769 1853 932 1907 rebus
963 1852 1251 1908 contrariis
1282 1853 1491 1907 duabus
1523 1851 1800 1924 (contra-

117 1926 215 1981 ria
266 1928 449 1980 autem
501 1925 605 1980 hoc
661 1925 780 1981 loco
834 1945 899 1981 ea
941 1927 1092 2011 dice,
1154 1945 1383 1997 quorum
1436 1928 1670 1981 alterum
1723 1929 1801 1982 ait

118 1999 262 2070 quid,
303 2000 538 2053 alterum
574 1998 787 2071 negat),
834 2018 899 2054 ex
936 2000 1004 2054 iis
1041 2000 1213 2073 igitur
1249 2018 1466 2055 necesse
1506 2004 1590 2055 est
1626 2001 1799 2056 invito

51 2085 95 2118 25
116 2073 350 2144 Epicuro
413 2072 645 2126 alterum
705 2091 892 2127 verum
954 2091 1092 2143 esse,
1162 2074 1396 2127 alterum
1454 2073 1678 2145 falsum,
1738 2079 1801 2129 ut

119 2145 489 2201 ‘Sauciabitur
516 2145 844 2200 Philocteta’
892 2147 1140 2201 omnibus
1180 2151 1306 2201 ante
1345 2148 1574 2202 saeculis
1612 2167 1799 2203 verum

116 2220 245 2291 fuit,
298 2218 451 2274 ‘Non
502 2219 859 2274 sauciabitur’
911 2220 1135 2291 falsum3
1194 2221 1302 2274 nisi
1353 2221 1495 2276 forte
1548 2222 1799 2277 volumus

118 2292 508 2366 Epicureorum
561 2293 870 2364 opinionem
924 2294 1097 2364 sequi,
1152 2295 1244 2364 qui
1289 2295 1430 2348 tales
1477 2296 1799 2351 enuntiatio·

117 2386 214 2422 nes
265 2385 364 2422 nec
415 2385 572 2421 veras
630 2385 730 2423 nec
781 2367 951 2422 falsas
999 2385 1116 2422 esse
1163 2368 1347 2422 dicunt
1399 2371 1515 2438 aut,
1569 2387 1691 2424 cum
1743 2370 1799 2423 id

52 2453 97 2486 ⁸0
118 2441 306 2512 pudet,
353 2439 492 2494 illud
534 2444 721 2495 tamen
759 2442 966 2511 dicunt,
1005 2441 1148 2511 quod
1186 2445 1271 2495 est
1307 2442 1676 2513 inpudentiu8‚
1713 2462 1799 2498 ve-

118 2533 207 2568 ras
254 2532 371 2568 esse
416 2533 482 2569 ex
527 2515 814 2570 contrariis
854 2516 1231 2585 diiunctioneS,
1281 2516 1395 2585 sed,
1443 2534 1579 2586 quae
1617 2516 1675 2570 in
1712 2516 1798 2571 his

119 2588 400 2642 enuntiata
436 2592 640 2658 essent,
679 2607 862 2644 eorum
901 2593 1154 2643 neutrum
1194 2607 1311 2643 esse
1348 2608 1550 2643 verum.
1627 2589 1671 2644 Ο
1711 2591 1798 2644 ad-

116 2662 423 2716 mirabilem
461 2662 735 2716 licentiam
774 2667 830 2717 et
867 2663 1234 2718 miserabilem
1264 2663 1605 2717 inscientiam
1637 2663 1799 2719 disse·

117 2735 292 2789 rendi!
360 2732 418 2788 Si
463 2735 607 2789 enim
653 2736 857 2807 aliquid
901 2737 959 2791 in
1003 2736 1302 2807 eloquendo
1340 2755 1439 2792 nec
1475 2755 1663 2791 verum
1699 2757 1798 2793 nec

53 2822 95 2856 ⁸⁵
116 2809 316 2862 falsum
355 2811 462 2878 est,
506 2812 653 2863 certe
691 2810 746 2863 id
784 2829 971 2864 verum
1009 2829 1120 2864 non
1158 2813 1264 2880 est3
1311 2810 1454 2880 quod
1492 2814 1673 2865 autem
1711 2831 1797 2867 ve-

119 2901 241 2936 rum
276 2900 388 2936 non
424 2885 530 2952 est,
568 2883 662 2953 qui
697 2886 882 2954 potest
916 2903 1029 2939 non
1065 2885 1267 2938 falsum
1302 2891 1450 2943 esse?
1495 2894 1610 2960 aut,
1655 2888 1797 2955 quod

1818 863 1884 915 16

1830 1571 1884 1610 37

1831 2602 1885 2642 38
