2002 3178
660 156 787 203 CAP.
820 161 950 203 5-8.
983 159 1009 212 s
1046 162 1233 204 10-15.
1680 158 1783 211 257

109 277 226 331 fieri
261 294 436 348 posse.
512 276 617 347 Tu,
663 279 718 331 et
757 296 893 348 quae
930 296 1041 333 non
1080 278 1189 331 sint
1226 278 1432 348 futura,
1471 297 1631 350 posse
1674 280 1787 334 fieri

110 351 265 420 dicis,
308 353 372 405 ut
406 350 589 423 frangi
626 351 767 406 hanc
806 370 1098 423 gemmam,
1146 352 1361 406 etiamsi
1399 353 1455 406 id
1491 347 1786 423 numquam

107 423 351 479 futurum
397 425 490 494 sit,
534 443 707 495 neque
750 444 967 480 necesse
1012 425 1179 480 fuisse
1219 425 1509 497 Cypselum
1557 446 1786 499 regnare

93 496 372 568 Corinthi,
403 517 729 569 quamquam
758 499 815 552 id
845 500 1172 554 millensimo
1198 503 1323 554 ante
1349 519 1487 555 anno
1512 500 1786 572 Apollinis

64 585 87 620 ο
109 573 328 627 oraculo
375 572 576 627 editum
624 576 780 627 esset.
852 573 930 627 At
977 573 1024 627 si
1060 573 1168 627 ista
1207 575 1566 644 conprobabis
1608 576 1787 630 divina

108 645 400 717 praedicta,
438 649 508 716 et,
547 665 684 717 quae
719 646 863 701 falsa
895 647 954 700 in
983 647 1181 701 futuris
1214 648 1470 718 dicentur,
1509 649 1566 702 in
1596 649 1677 702 iis.
1695 650 1786 703 ha·

108 718 286 789 bebis,
330 723 392 773 ut
437 738 501 774 ea
544 721 663 774 fieri
707 739 818 775 non
863 721 1076 791 possint
1124 724 1207 788 [ut
1246 722 1293 776 si
1332 722 1541 777 dicatur
1580 723 1787 778 Africa·

107 811 239 847 num
283 793 623 866 Karthagine
670 795 994 865 potiturum]
1005 837 1019 864 ,
1069 799 1144 865 et,
1200 795 1246 850 si
1294 815 1418 850 vere
1469 797 1676 851 dicatur
1723 798 1786 851 de

107 866 310 938 futuro,
347 867 507 938 idque
544 868 624 922 ita
660 868 904 922 futurum
944 870 1031 939 sit,
1071 870 1216 923 dicas
1257 888 1374 923 esse
1404 872 1788 941 necessarium3

45 955 89 989 ιο
112 959 248 1011 quae
294 944 378 994 est
423 944 543 995 tota
579 941 806 996 Diodori
847 943 1001 996 vobis
1047 943 1266 997 inimica
1312 945 1595 999 sententia.
1663 945 1787 999 Ete-
1822 957 1871 997 14

107 1015 223 1068 nim
261 1014 310 1068 si
345 1014 483 1069 illud
519 1034 645 1070 vere
683 1017 1001 1071 conectitur:
1043 1015 1119 1070 ‘Si
1159 1018 1363 1071 oriente
1403 1018 1660 1072 Canicula
1697 1038 1788 1073 na-

109 1091 200 1142 tus
239 1106 311 1159 eS,
347 1088 407 1142 in
443 1089 582 1143 mari
618 1108 729 1144 non
766 1090 1030 1160 moriere'‚
1068 1091 1408 1162 primumque
1444 1093 1586 1162 quod
1618 1097 1701 1146 est
1731 1094 1788 1146 in

110 1180 334 1217 conexo:
381 1161 584 1217 ‘Natus
623 1182 679 1217 es
719 1164 925 1218 oriente
965 1163 1258 1234 Canicula',
1303 1167 1666 1220 necessarium
1706 1171 1788 1221 est

112 1235 318 1305 (omnia
366 1236 509 1291 enim
557 1255 685 1291 vera
730 1237 787 1291 in
831 1239 1141 1308 praeteritis
1186 1241 1490 1294 necessaria
1530 1245 1678 1311 sunt,
1727 1245 1789 1295 ut

47 1325 89 1359 ιε
112 1309 418 1381 Chrysippo
480 1310 660 1381 placet
714 1311 1054 1365 dissentienti
1106 1331 1137 1366 a
1190 1314 1456 1384 magistro
1511 1313 1788 1385 Cleanthe,

112 1384 239 1454 quia
277 1387 404 1439 sunt
439 1383 785 1439 inmutabilia
821 1403 919 1440 nec
956 1386 1014 1439 in
1045 1386 1245 1440 falsum
1278 1405 1306 1440 e
1336 1405 1463 1441 vero
1494 1390 1789 1457 praeterita

109 1460 340 1528 possunt
370 1457 728 1530 convertere);
766 1459 813 1512 si
843 1459 1028 1530 igitur,
1061 1460 1202 1530 quod
1232 1461 1468 1530 primum
1498 1461 1557 1514 in
1588 1480 1787 1517 conexo

111 1535 210 1601 est,
238 1531 600 1586 necessarium
624 1535 730 1602 est,
758 1533 823 1586 fit
847 1534 1026 1603 etiam,
1058 1534 1201 1603 quod
1225 1535 1583 1605 consequitur,
1612 1555 1788 1590 neces-

112 1605 328 1659 sarium.
367 1604 705 1675 Quamquam
727 1606 831 1661 hoc
848 1605 1152 1677 Chrysippo
1175 1626 1284 1661 non
1308 1608 1520 1662 videtur
1538 1610 1716 1663 valere
1733 1611 1789 1664 in

46 1693 90 1726 20
113 1678 386 1749 omnibus;
422 1679 515 1733 sed
545 1683 743 1750 tamen,
773 1680 820 1733 si
850 1681 1116 1734 naturalis
1150 1685 1232 1735 est
1257 1700 1431 1751 causa,
1456 1701 1548 1736 cur
1571 1683 1628 1736 in
1652 1684 1790 1737 mari

111 1751 311 1807 Fabius
341 1771 452 1807 non
481 1753 760 1823 moriatur,
799 1754 856 1807 in
886 1754 1025 1808 mari
1050 1754 1250 1808 Fabius
1282 1756 1421 1810 mori
1450 1775 1560 1810 non
1590 1761 1787 1827 potest.
1890 1813 1895 1818 ,

123 1827 125 1829 ’
220 1825 341 1882 Hoc
388 1827 508 1881 loco
555 1825 888 1898 Chrysippus
940 1831 1192 1882 aestuans
1241 1829 1363 1883 falli
1409 1834 1592 1900 sperat
1631 1830 1787 1885 Chal·
1821 1807 1874 1912 ᾗ

113 1899 273 1955 daeos
312 1903 624 1971 ceterosque
662 1901 895 1972 divinOS,
939 1920 1111 1972 neque
1152 1921 1242 1957 eos
1282 1922 1474 1957 usuros
1514 1923 1630 1958 esse
1670 1924 1789 1959 con-

111 1974 490 2044 iunctionibuS,
526 1977 589 2028 ut
625 1974 705 2029 ita
735 1993 833 2029 sua
861 1980 1116 2046 percepta
1146 1978 1519 2047 pronuntient:
1560 1977 1636 2032 ‘Si
1669 1980 1788 2049 quis

48 2061 91 2095 2⁵
111 2051 272 2102 natus
312 2051 395 2101 est
433 2048 639 2102 oriente
679 2047 951 2119 Canicula,
988 2049 1035 2103 is
1074 2050 1132 2103 in
1170 2051 1307 2104 mari
1345 2069 1454 2104 non
1493 2052 1789 2122 morietur',

113 2121 207 2175 sed
244 2121 426 2192 potius
464 2121 544 2175 ita
583 2121 785 2176 dicant:
826 2121 970 2176 ‘Non
1009 2126 1063 2176 et
1101 2127 1260 2178 natus
1302 2127 1384 2178 est
1425 2125 1544 2194 quis
1585 2126 1789 2180 oriente

113 2193 394 2264 Canicula,
439 2197 494 2248 et
531 2194 577 2248 is
615 2195 674 2248 in
712 2195 850 2249 mari
889 2196 1181 2251 morietur?
1251 2197 1295 2252 O
1336 2198 1611 2253 licentiam
1649 2199 1790 2254 iocu-

113 2268 306 2322 larem!
343 2286 410 2322 ne
448 2268 564 2338 ipse
602 2268 805 2322 incidat
842 2268 901 2322 in
934 2269 1247 2341 Diodorum,
1287 2271 1442 2325 docet
1474 2270 1789 2343 Chaldaeos,

113 2359 219 2412 quo
271 2345 431 2413 pacto
482 2360 572 2396 eos
623 2361 885 2412 exponere
935 2347 1188 2414 percepta
1238 2348 1501 2415 oporteat.
1579 2345 1788 2409 Quaero

47 2429 91 2462 ⁸0
114 2414 271 2485 enim,
310 2415 357 2469 si
395 2413 654 2470 Chaldaei
691 2415 770 2469 ita
808 2417 1123 2487 loquantur,
1161 2420 1223 2471 ut
1260 2419 1577 2490 negationes
1615 2420 1788 2473 infini-

114 2492 295 2542 tarum
333 2488 766 2543 coniunctionum
804 2489 985 2559 potius
1026 2508 1187 2559 quam
1225 2491 1437 2545 infinita
1467 2511 1668 2546 conexa
1697 2512 1789 2563 po-

113 2565 269 2632 nant,
307 2580 400 2616 cur
437 2562 579 2616 idem
617 2562 822 2630 medici,
862 2581 955 2616 cur
988 2567 1310 2634 geometrae,
1350 2583 1442 2618 cur
1481 2566 1675 2636 reliqui
1712 2566 1788 2620 fa·

114 2653 232 2690 cere
282 2653 392 2689 non
444 2635 670 2706 possint.
746 2635 983 2690 Medicus
1031 2637 1088 2689 in
1133 2638 1345 2707 primis,
1400 2639 1542 2707 quod
1590 2640 1693 2692 erit
1741 2640 1789 2694 ei

114 2712 453 2779 perspectum
498 2709 555 2762 in
594 2712 732 2779 arte,
777 2727 887 2763 non
924 2710 1003 2762 ita
1041 2714 1328 2780 proponet:
1377 2710 1459 2765 ‘Si
1499 2711 1583 2765 cui
1621 2732 1788 2767 venae

51 2795 91 2828 ³5
116 2782 193 2836 sic
230 2785 529 2852 moventur,
567 2783 613 2836 is
652 2782 818 2836 habet
856 2783 1085 2853 febrim',
1126 2784 1219 2838 sed
1256 2785 1437 2855 potius
1477 2786 1573 2839 illo
1606 2787 1788 2840 modo:

115 2854 259 2909 ‘Non
312 2858 366 2909 et
417 2874 584 2910 venae
637 2856 715 2910 sic
758 2857 841 2910 oui
886 2860 1192 2926 moventur,
1247 2862 1301 2911 et
1344 2859 1391 2911 is
1439 2859 1633 2913 febrim
1679 2879 1785 2915 non

111 2927 312 2983 habet?
372 2928 616 3000 Itemque
656 2933 956 3001 geometres
992 2948 1101 2984 non
1132 2931 1211 2985 ita
1243 2931 1402 2986 dicet:
1444 2932 1526 2986 ‘In
1559 2933 1787 3003 sphaera

202 3021 294 3058 010.
317 3023 386 3056 1v.
411 3024 438 3055 2.
1380 3022 1432 3062 17
