2002 3178
218 178 245 228 1
254 176 283 229 7
290 178 322 229 6
791 174 871 218 DE
903 175 1300 220 DIVINATIONE

287 294 657 348 Flexanima
717 297 1039 364 tamquam
1102 294 1437 366 lymphata
1488 298 1597 349 aut
1648 294 1888 350 Bacclu‘

1535 387 1736 423 saeris

287 440 617 495 Gomm6ta
654 441 719 493 in
747 441 1016 494 tumulis
1048 440 1358 495 Teucrum
1389 443 1883 496 commemorans

1546 534 1737 570 suum·

129 592 194 644 37
214 588 395 658 Atque
449 588 612 641 etiam
666 587 765 640 illa
813 587 1101 641 concitatio
1150 587 1390 641 declarat
1432 588 1544 642 vim
1587 589 1646 642 in
1689 589 1882 642 animis

131 1482 182 1521 81

132 2057 201 2110 38

133 2431 188 2471 82

215 680 331 715 esse
385 661 634 714 divinam.
717 659 899 731 Negat
952 660 1094 713 enim
1149 661 1263 715 sine
1314 661 1495 716 furore
1543 661 1883 716 Democritus

215 754 537 805 quemquam
589 737 806 804 poetam
853 752 1110 805 magnum
1156 753 1272 788 esse
1318 753 1499 805 posse,
1554 735 1697 805 quod
1740 735 1883 789 idem
1928 751 1948 784 5

216 809 344 862 dicit
381 808 558 861 Plato.
635 806 825 876 Quem,
867 808 913 860 si
951 807 1152 878 placet,
1192 809 1432 892 appellet
1469 808 1720 878 furorem,
1758 809 1884 862 dum

216 882 373 935 modo
419 881 467 934 is
511 881 663 934 furor
707 881 787 934 ita
831 881 1101 950 laudetur,
1153 885 1216 934 ut
1261 882 1319 934 in
1354 881 1599 936 Phaedro
1637 882 1884 936 Platonis

215 956 465 1008 laudatus
518 957 614 1008 est.
691 953 864 1016 Quid?
919 957 1101 1008 vestra
1146 954 1319 1008 oratio
1363 955 1422 1008 in
1467 956 1667 1026 causiS,
1720 956 1884 1026 quid?

215 1030 334 1113 ipsa
372 1028 513 1083 actio
552 1030 734 1112 potest
772 1045 888 1081 esse
925 1028 1213 1081 vehemens
1252 1031 1308 1082 et
1346 1029 1528 1099 gravis
1567 1032 1623 1083 et
1653 1029 1885 1099 copiosa,

215 1103 319 1155 nisi
365 1105 448 1155 est
493 1101 704 1155 animus
748 1101 864 1171 ipse
911 1101 1264 1155 commotior?
1325 1102 1589 1187 Equidem
1627 1102 1791 1156 etiam
1829 1103 1887 1156 in
1911 1117 1952 1149 10

215 1180 269 1229 te
309 1193 467 1245 saepe
504 1175 614 1228 vidi
654 1178 729 1244 et,
774 1177 837 1227 ut
874 1175 942 1228 ad
980 1175 1184 1228 leviora
1221 1175 1520 1245 veniamne,
1557 1175 1616 1229 in
1653 1175 1885 1246 Aesop0‚

215 1248 471 1302 familiari
501 1251 611 1318 tue,
642 1251 856 1301 tantum
888 1248 1133 1301 ardorem
1164 1248 1412 1301 vultuum
1436 1252 1597 1319 atque
1627 1252 1885 1319 motuum,

216 1326 278 1375 ut
324 1341 443 1375 eum
489 1321 573 1375 vis
621 1321 882 1391 quaedam
929 1321 1256 1374 abstraxisse
1302 1340 1334 1375 a
1379 1340 1539 1376 sensu
1577 1323 1774 1376 mentis
1811 1323 1886 1377 vi-

218 1397 443 1449 deretur.
1567 1415 1571 1421 ’

327 1468 644 1523 Obiciuntur
675 1469 838 1522 etiam
871 1486 1030 1538 saepe
1059 1468 1280 1538 formae,
1320 1486 1455 1538 quae
1485 1487 1675 1540 reapse
1702 1470 1885 1523 nullae
1910 1484 1949 1517 1⁵

218 1546 357 1612 sunt,
397 1542 627 1612 speciem
666 1545 846 1595 autem
886 1543 1137 1611 offerunt3
1178 1542 1318 1611 quod
1350 1542 1641 1614 contigisse
1671 1541 1885 1596 Brenno

218 1617 412 1669 dicitur
443 1615 660 1684 eiusque
694 1614 918 1669 Gallicis
949 1615 1132 1684 copiiS,
1164 1634 1284 1668 cum
1313 1615 1441 1669 fano
1465 1615 1738 1687 Apollinis
1762 1616 1886 1670 Del-

216 1689 361 1760 phici
412 1689 678 1742 nefarium
723 1689 927 1742 bellum
972 1688 1261 1742 intulisset.
1336 1688 1474 1743 Tum
1521 1689 1663 1743 enim
1706 1689 1887 1743 ferunt

218 1781 282 1816 ex
321 1763 501 1816 oraclo
541 1762 773 1815 ecfatam
812 1780 927 1815 esse
965 1761 1241 1831 Pythiam:

289 1835 424 1906 Ego
469 1835 819 1905 providebo
857 1853 987 1888 rem
1024 1833 1217 1888 istam
1256 1838 1318 1888 et
1356 1835 1542 1889 albae
1579 1833 1884 1906 virgines.
1910 1851 1951 1882 20

217 1909 299 1963 Ex
331 1927 435 1979 quo
467 1909 683 1977 factum,
713 1911 775 1961 ut
805 1908 1112 1961 viderentur
1142 1908 1380 1979 virgines
1413 1908 1554 1962 ferre
1586 1927 1737 1963 arma
1767 1926 1886 1964 con-

217 1987 305 2036 tra
342 1985 397 2035 et
433 1982 556 2035 nive
596 1980 878 2034 Gallorum
917 1981 1231 2034 obrueretur
1269 1982 1546 2036 exercitus

330 2055 653 2108 Aristoteles
691 2054 905 2124 quidem
936 2073 1027 2107 eos
1060 2055 1237 2123 etiam,
1278 2054 1369 2124 qui
1397 2054 1722 2109 valetudinis
1751 2056 1885 2110 vitio

216 2129 457 2182 furerent
502 2131 560 2182 et
602 2127 972 2181 melancholici
1020 2128 1344 2198 dicerentur,
1392 2129 1645 2182 censebat
1687 2129 1886 2183 habere

219 2201 423 2272 aliquid
473 2201 531 2254 in
583 2201 776 2255 animis
826 2201 1171 2272 praesagiens
1225 2204 1386 2271 atque
1440 2201 1692 2256 divinum.
1765 2202 1884 2274 Ego
1910 2217 1951 2249 2⁵

219 2279 399 2329 autem
437 2274 582 2328 haud
619 2274 729 2328 scio
769 2293 838 2327 an
875 2293 971 2327 nec
1005 2274 1262 2328 cardiacis
1301 2274 1404 2328 hoc
1441 2275 1783 2328 tribuendum
1815 2277 1887 2328 sit

218 2367 316 2402 nec
345 2347 693 2418 phreneticis3
726 2347 890 2400 animi
921 2347 1062 2400 enim
1092 2347 1308 2418 integri,
1330 2365 1440 2401 non
1461 2348 1646 2401 vitiosi
1669 2351 1752 2401 est
1775 2367 1886 2402 cor-

220 2422 366 2493 poris
399 2420 673 2474 divinatio.
735 2419 907 2481 Quam
948 2420 1160 2489 quidem
1198 2438 1314 2474 esse
1351 2439 1410 2473 re
1446 2439 1575 2475 vera
1611 2421 1712 2475 hac
1750 2420 1886 2476 Stoi-

221 2514 404 2549 corum
441 2494 649 2547 ratione
689 2493 1043 2547 concluditur:
1090 2491 1182 2546 Si
1219 2497 1367 2546 sunt
1405 2493 1466 2547 di
1501 2512 1701 2564 neque
1739 2498 1886 2548 ante

222 2569 555 2622 declarant
583 2566 974 2635 hominibuS,
1006 2585 1163 2636 quae
1192 2566 1413 2620 futura
1442 2566 1593 2636 sint,
1625 2570 1734 2621 aut
1761 2585 1885 2621 non
1910 2582 1952 2615 30

222 2641 505 2711 diligunt
527 2639 814 2693 homines
840 2643 968 2708 aut,
1001 2640 1149 2709 quid
1174 2643 1545 2693 eventurum
1569 2639 1677 2709 sit,
1706 2639 1887 2711 igno-

221 2717 368 2767 rant
413 2716 523 2767 aut
568 2713 963 2766 existumant
1007 2712 1173 2765 nihil
1210 2713 1526 2766 interesse
1563 2712 1887 2767 hominum

223 2787 408 2856 scire,
455 2786 605 2855 quid
649 2785 737 2838 sit
780 2785 1088 2855 futurum,
1134 2789 1243 2839 aut
1287 2803 1411 2839 non
1449 2790 1712 2839 censent
1750 2786 1886 2840 esse

222 2877 371 2913 suae
446 2858 813 2911 maiestatis
887 2828 1426 2929 praesignificare
1500 2857 1886 2928 hominibuS,

223 2950 380 2999 quae
435 2935 581 2984 sunt
633 2931 872 3000 futura,
933 2934 1042 2984 aut
1095 2950 1165 2984 ea
1217 2949 1291 2983 ne
1344 2931 1469 2998 ipsi
1522 2931 1774 2998 quidem
1825 2933 1883 2986 di
1907 2947 1951 2980 ³⁵
