2002 3178
231 173 335 227 160
795 171 877 216 DE
907 170 1309 218 DIVINATIONE

224 297 340 347 tum
380 292 486 346 nisi
523 310 732 346 summa
769 291 996 345 veritate
1033 291 1090 344 in
1127 294 1284 345 tanta
1322 292 1502 363 gloria.
1537 311 1648 348 non
1682 292 1887 348 fuisset.

222 367 410 420 Potest
459 368 638 418 autem
686 364 768 419 vis
815 364 914 418 illa
958 367 1155 434 terrae,
1205 383 1342 434 quae
1387 369 1622 421 mentem
1659 366 1891 437 Pythiae

223 439 402 492 divino
434 439 634 492 adflatu
663 438 983 506 concitabat,
1014 437 1293 492 evanuisse
1323 441 1611 509 vetustate,
1639 442 1704 494 ut
1734 459 1889 511 quos-

222 513 346 566 dam
393 512 670 566 evanuisse
715 514 771 564 et
809 511 1078 564 exaruisse
1118 529 1302 565 amnes
1341 515 1436 566 aut
1472 512 1530 566 in
1567 513 1738 567 alium·
1773 532 1891 568 cur·

223 604 341 639 sum
380 587 656 639 contortos
696 587 751 637 et
788 583 1018 639 deflexos
1055 584 1312 639 videmus.
1374 583 1492 655 Sed,
1529 588 1592 640 ut
1620 586 1717 656 vis,
1756 587 1890 641 acci·
1934 601 1955 636 ⁵

223 658 382 728 derit3
435 675 635 728 magna
689 657 830 711 enim
883 657 1126 728 quaestio
1181 661 1286 728 est3
1339 659 1497 712 modo
1551 663 1770 713 maneat
1820 659 1893 730 id,

223 731 366 801 quod
408 731 598 802 negari
646 748 755 784 non
800 733 1003 801 potest,
1051 730 1157 784 nisi
1203 749 1415 785 omnem
1453 731 1738 786 historiam
1775 750 1893 804 per-

223 803 558 874 verterimus,
597 804 784 857 multis
825 803 1014 858 saeclis
1052 822 1215 858 verax
1251 804 1420 859 fuisse
1458 804 1515 858 id
1553 806 1844 860 oraculum.

333 876 436 931 Sed
474 878 788 932 omittamus
828 877 1067 947 oracula3
1103 877 1380 932 veniamus
1421 878 1488 932 ad
1526 879 1749 934 somnia.
1809 879 1892 933 De

224 951 417 1020 quibus
464 951 744 1021 disputans
784 949 1116 1020 Chrysippus
1165 951 1350 1004 multis
1398 954 1452 1005 et
1490 951 1711 1006 minutis
1751 969 1891 1007 som·
1915 969 1958 1002 ιο

222 1025 326 1077 niis
365 1024 682 1095 colligendis
720 1023 852 1078 facit
888 1024 1046 1093 idem,
1085 1024 1227 1094 quod
1257 1023 1548 1095 Antipater
1585 1043 1648 1079 ea
1677 1026 1893 1096 conqui·
1923 1081 1928 1084 ,

223 1115 360 1167 renS,
397 1116 532 1167 quae
563 1097 917 1167 Antiphontis
948 1097 1393 1167 interpretatione
1425 1098 1694 1169 explicata
1722 1099 1892 1153 decla-

222 1174 346 1224 rant
401 1171 500 1224 illa
553 1171 766 1240 quidem
819 1189 1042 1224 acumen
1092 1171 1425 1241 interpretis,
1487 1171 1581 1225 sed
1634 1173 1891 1242 exemplis

224 1243 600 1314 grandioribus
639 1243 816 1298 decuit
852 1244 947 1297 uti.
1007 1243 1256 1313 Dionysii
1294 1247 1482 1314 mater,
1521 1243 1634 1298 eius
1673 1245 1766 1315 qui
1800 1243 1892 1315 Sy-

223 1316 551 1371 racosiorum
590 1320 851 1386 tyrannus
888 1317 1008 1386 fuit,
1044 1319 1107 1370 ut
1138 1317 1398 1387 scriptum
1429 1317 1571 1388 apud
1600 1317 1892 1372 Philistum
1916 1334 1958 1367 ιε

225 1394 328 1460 est,
382 1393 437 1444 et
484 1390 699 1444 doctum
744 1390 1016 1444 hominem
1063 1393 1117 1444 et
1163 1390 1477 1462 diligentem
1522 1393 1579 1445 et
1615 1392 1894 1462 aequalem

225 1467 527 1534 temporum
572 1464 813 1532 illorum,
861 1482 981 1517 cum
1025 1481 1330 1534 praegnans
1374 1464 1517 1518 hunc
1551 1464 1730 1535 ipsum
1766 1465 1894 1519 Dio-

223 1537 437 1606 nysium
484 1537 607 1590 alvo
646 1537 965 1606 contineret,
1015 1537 1304 1590 somniavit
1340 1555 1397 1591 se
1434 1538 1703 1608 peperisse
1741 1536 1893 1608 Saty-

222 1611 434 1664 riscum.
508 1609 650 1664 Huic
693 1610 1015 1680 interpretes
1061 1613 1456 1680 portentorum,
1504 1611 1596 1681 qui
1634 1610 1892 1665 Galeotae

222 1686 339 1736 tum
369 1683 427 1736 in
458 1680 642 1737 Sicilia
671 1683 1104 1752 nominabantur,
1141 1684 1546 1754 responderunt,
1576 1687 1638 1737 ut
1669 1685 1748 1738 ait
1769 1684 1892 1738 Phi·
1915 1701 1958 1733 ιο

222 1757 396 1826 listuS,
428 1775 564 1826 eum,
596 1775 753 1826 quem
782 1757 881 1809 illa
907 1757 1220 1826 peperisset,
1252 1757 1613 1810 clarissimum
1637 1756 1892 1812 Graeciae

140 1841 191 1880 40
224 1830 474 1883 diuturna
504 1848 625 1883 cum
655 1830 875 1883 fortuna
903 1830 1033 1883 fore.
1093 1828 1238 1883 Num
1269 1833 1324 1883 te
1355 1830 1422 1883 ad
1451 1830 1666 1884 fabulas
1699 1849 1891 1885 revoco

221 1903 309 1958 vel
337 1906 649 1964 nostrorum
678 1903 765 1956 vel
790 1902 1116 1956 Graecorum
1146 1903 1464 1973 poetarum?
1515 1902 1720 1957 Narrat
1749 1904 1892 1957 enim

226 1980 280 2030 et
319 1976 460 2046 apud
497 1976 733 2029 Ennium
770 1975 1010 2029 Vestalis
1049 1976 1167 2029 illa:

295 2050 519 2103 Eccita
579 2068 715 2103 cum
776 2049 1074 2102 tremulis
1129 2066 1282 2102 anus
1337 2049 1568 2103 attulit
1621 2050 1890 2104 artubus
1914 2065 1956 2098 25

1510 2123 1744 2193 lumen,

295 2195 491 2249 Talia
565 2198 696 2248 tum
771 2199 1080 2249 memorat
1154 2195 1501 2249 lacrimans
1576 2197 1890 2250 exterrita

1506 2286 1746 2323 somno:

299 2341 651 2411 ‘Eurydica
726 2344 1078 2412 prognata,
1152 2344 1338 2411 pater
1412 2359 1596 2410 quam
1669 2344 1892 2396 noster

1483 2414 1744 2484 amavit,

296 2487 483 2542 Vires
552 2487 816 2557 vitaque
876 2504 1106 2555 corpus
1167 2505 1369 2540 meum
1427 2505 1589 2542 nunc
1648 2487 1892 2542 deserit

1553 2578 1755 2617 omne..

297 2634 453 2688 Nam
514 2651 607 2687 me
667 2632 844 2687 visus
904 2633 1088 2686 homo
1150 2633 1417 2703 pulcher
1466 2650 1580 2703 per
1630 2651 1890 2687 amoena

1508 2704 1744 2759 salicta

297 2779 377 2831 Et
414 2779 588 2848 ripas
626 2781 889 2849 raptare
927 2778 1232 2847 locosque
1267 2795 1491 2847 novos3
1529 2777 1624 2830 ita
1661 2778 1802 2834 sola
1911 2792 1955 2825 ³⁰

299 2853 602 2921 Postilla,
642 2870 943 2923 germana
981 2869 1185 2920 soror,
1224 2868 1438 2904 errare
1475 2850 1741 2904 videbar

298 2925 627 2993 Tardaque
643 2925 968 2995 vestigare
993 2927 1055 2977 et
1075 2941 1378 2992 quaerere
1397 2925 1459 2975 te
1476 2941 1676 2992 neque
1697 2941 1887 2994 posse

137 847 206 900 20

137 912 190 951 39
