2002 3178
583 138 696 184 ΜΒ.
728 139 762 185 1.
805 136 932 184 CAP.
966 143 1095 183 2—5.
1137 142 1162 192 ς
1193 143 1323 183 4-9.
1685 135 1788 188 147

117 260 364 332 princeps
402 259 516 313 eius
555 258 892 330 disciplinae,
937 257 1215 312 Posidonii
1252 257 1462 327 doctor,
1501 256 1793 327 discipulus

117 332 412 404 Antipatri,
443 333 805 405 degeneravit,
835 332 1144 402 PanaetiuS,
1175 349 1274 386 nec
1301 334 1487 385 tamen
1516 348 1677 385 ausus
1711 334 1795 383 est

115 424 315 535 323⁸&
343 406 1048 551 ζὶἲζηῗὲοᾶέἕὶἳὲἓέἓῃῗέᾶ
1061 374 1795 533 έῖἶῗέῗξῖἕῂὶἳέῗέἓωῗῗῗ

73 568 95 602 ⁶
117 554 252 625 cuit,
294 554 351 608 id
394 572 495 608 nos
541 557 604 608 ut
640 553 698 608 in
736 554 959 624 reliquis
998 553 1158 607 rebus
1196 552 1480 622 faciamus,
1526 571 1560 606 a
1598 550 1794 605 Stoicis

115 646 227 683 non
262 628 619 683 concedetur?
656 629 977 699 praesertim
1016 645 1137 682 cum
1174 626 1245 696 id,
1284 626 1349 680 de
1387 644 1493 696 quo
1531 625 1793 680 Panaetio

115 720 226 756 non
262 701 458 772 liquet,
495 702 720 772 reliquis
759 702 997 756 eiusdem
1037 669 1351 772 disciplinae
1391 700 1524 755 solis
1564 701 1681 754 luce
1719 699 1795 753 vi·

117 776 307 830 deatur
365 776 578 830 clarius.
667 773 772 829 Sed
832 777 964 830 haec
1028 775 1243 845 quidem
1296 775 1417 828 laus
1470 773 1794 828 Academiae
1825 782 1850 820 ⁷

115 849 586 920 praestantissumi
635 849 948 920 philosophi
992 849 1188 902 iudicio
1229 851 1284 902 et
1319 848 1635 902 testimonio
1675 865 1794 902 con·
1897 857 1904 863 ”

55 939 94 972 ιο
115 923 348 994 probata
406 925 506 976 est.
586 922 806 976 Etenim
864 923 1137 976 nobismet
1197 922 1332 992 ipsis
1393 922 1793 992 quaerentibuS,
1826 921 1856 972 4

117 996 244 1067 quid
281 996 355 1050 sit
391 996 457 1050 de
495 995 826 1050 divinatione
863 996 1224 1064 iudicandum,
1264 995 1407 1066 quod
1446 1014 1479 1049 a
1518 994 1794 1049 Carneade

115 1070 291 1124 multa
330 1073 488 1124 acute
524 1072 581 1124 et
617 1070 834 1140 copiose
872 1073 1062 1125 contra
1100 1067 1311 1123 Stoicos
1353 1069 1630 1139 disputata
1669 1070 1794 1138 sint,

115 1143 551 1214 verentibusque,
586 1162 654 1198 ne
692 1147 894 1198 temere
932 1144 1019 1198 vel
1056 1143 1229 1197 falsae
1268 1142 1347 1197 rei
1384 1144 1471 1197 vel
1509 1162 1620 1197 non
1659 1144 1792 1196 satis

116 1218 365 1290 cognitae
396 1218 778 1288 adsentiamur,
814 1217 1118 1272 faciendum
1148 1217 1377 1287 videtur,
1410 1220 1474 1270 ut
1505 1217 1795 1288 diligenter

54 1308 94 1343 ιο
117 1292 283 1346 etiam
328 1294 491 1363 atque
537 1292 702 1346 etiam
749 1295 1072 1376 argumenta
1117 1310 1238 1346 cum
1281 1291 1616 1362 argumentis
1656 1309 1796 1346 com·

115 1383 390 1437 paremus,
428 1369 490 1419 ut
526 1365 751 1420 fecimus
790 1366 848 1420 in
884 1366 952 1419 iis
990 1366 1167 1419 tribus
1208 1365 1387 1434 libris,
1428 1383 1563 1435 quos
1602 1366 1667 1419 de
1703 1384 1795 1419 na·

114 1443 240 1494 tura
276 1439 497 1494 deorum
536 1439 865 1510 scripsimus.
933 1438 1078 1493 Nam
1108 1458 1230 1494 cum
1261 1408 1561 1493 omnibus
1545 1457 1604 1493 m
1633 1440 1795 1493 rebus
1836 1450 1844 1521 1

114 1513 394 1568 temeritas
431 1513 490 1567 in
528 1513 877 1567 adsentiendo
917 1532 1174 1582 errorque
1212 1513 1390 1584 turpis
1429 1516 1535 1583 est,
1583 1516 1702 1566 tum
1739 1514 1796 1566 in
1836 1523 1840 1553 ἴ

116 1605 180 1642 eo
231 1587 353 1643 loco
405 1587 660 1658 maxime,
711 1587 771 1641 in
826 1606 931 1658 quo
986 1587 1327 1641 iudicandum
1374 1590 1479 1657 est,
1534 1591 1795 1657 quantum

51 1678 94 1712 πο
117 1661 369 1732 auspiciis
406 1662 674 1732 rebusque
713 1661 908 1715 divinis
947 1662 1306 1733 religionique
1345 1661 1674 1731 tribuamus3
1713 1664 1797 1715 est

116 1735 260 1790 enim
295 1735 608 1806 periculum,
644 1753 713 1789 ne
752 1738 847 1789 aut
882 1736 1147 1806 neglectis
1185 1736 1252 1788 iis
1283 1735 1453 1806 impia
1481 1735 1669 1789 fraude
1701 1739 1797 1789 aut

116 1809 378 1880 susceptis
408 1809 549 1864 ‘anili
588 1809 971 1880 superstitione
1011 1809 1330 1881 obligemur.
1826 1847 1861 1898 5

225 1882 432 1946 Quibus
471 1883 535 1938 de
572 1884 733 1937 rebus
766 1886 821 1937 et
852 1884 987 1936 alias
1019 1901 1179 1954 saepe
1211 1886 1266 1936 et
1295 1882 1460 1954 paulo
1492 1883 1795 1938 accuratius
1828 1913 1854 1951 3

114 1975 299 2028 nuper,
330 1975 452 2011 cum
483 1975 656 2011 essem
688 1975 810 2011 cum
834 1955 894 2019 Q.
924 1957 1095 2011 fratre
1125 1957 1183 2010 in
1205 1956 1527 2027 Tusculano,
1558 1957 1796 2028 disputa-

51 2046 93 2079 2⁵
116 2035 232 2085 tum
258 2033 355 2085 est.
393 2030 538 2085 Nam
560 2049 682 2086 cum
706 2030 1020 2085 ambulandi
1044 2049 1206 2085 causa
1228 2030 1286 2084 in
1308 2030 1542 2101 Lyceum
1565 2032 1796 2086 venisse·

115 2122 236 2159 mus
274 2103 354 2177 (id
390 2105 535 2159 enim
565 2105 831 2176 superiori
863 2105 1145 2176 gymnasio
1177 2123 1375 2159 nomen
1406 2103 1528 2177 est),
1564 2104 1795 2178 Perlegi,

117 2178 255 2246 [ille]
292 2178 486 2249 inquit,
524 2182 678 2232 tuum
715 2179 879 2249 paulo
921 2182 1045 2232 ante
1084 2179 1307 2232 tertium
1346 2178 1410 2232 de
1448 2182 1646 2233 natura
1677 2180 1795 2234 deo·

114 2270 251 2323 rum,
287 2252 347 2306 in
385 2270 491 2323 quo
530 2252 828 2324 disputatio
854 2250 1048 2306 Cottae
1085 2271 1413 2324 quamquam
1444 2253 1796 2308 labefactavit

116 2325 443 2380 sententiam
466 2344 658 2397 meam,
681 2344 791 2381 non
812 2325 1056 2380 funditus
1080 2329 1265 2381 tamen
1288 2327 1527 2381 sustulit.
1579 2327 1795 2398 Optime

51 2414 94 2448 ³⁰
116 2417 267 2470 vem,
326 2399 572 2471 inquam3
633 2400 834 2454 etenim
892 2400 1009 2471 ipse
1063 2399 1228 2455 Cotta
1286 2401 1363 2455 sic
1416 2401 1681 2472 disputat,
1734 2406 1796 2456 ut

118 2471 423 2528 Stoicorum
461 2474 636 2559 magis
676 2477 998 2545 argumenta
1035 2474 1278 2529 confutet
1315 2493 1478 2545 quam
1515 2476 1795 2530 hominum

119 2547 298 2602 deleat
325 2548 425 2602 reli
487 2566 658 2602 onem.
709 2547 849 2602 Tum
873 2547 1126 2611 Quintus.
1157 2548 1370 2603 Dicitur
1402 2549 1617 2619 quidem
1640 2549 1795 2620 istuc,

117 2620 317 2693 inquit,
354 2639 389 2676 a
426 2548 504 2676 {io
472 2624 606 2691 otta,
644 2623 701 2675 et
736 2639 865 2676 vero
904 2622 1134 2694 saepius,
1173 2623 1346 2693 cred0,
1383 2640 1452 2676 ne
1490 2625 1795 2678 communia

117 2694 238 2750 iura
273 2695 510 2768 migrare
547 2695 818 2765 videatur3
864 2696 958 2750 sed
995 2697 1174 2750 studio
1214 2699 1404 2751 contra
1441 2694 1652 2752 Stoicos
1692 2698 1794 2752 dis-

51 2780 92 2817 35
118 2770 329 2824 serendi
373 2770 501 2825 deos
547 2769 684 2824 mihi
727 2770 940 2824 videtur
975 2770 1219 2824 funditus
1257 2771 1466 2825 tollere.
1541 2770 1674 2826 Eius
1713 2791 1794 2825 ra·
1826 2783 1851 2823 9

115 2843 253 2897 tioni
287 2862 398 2898 non
437 2862 565 2898 sane
603 2843 846 2898 desidero
886 2843 1013 2915 quid
1051 2845 1428 2915 respondeam3
1475 2846 1608 2899 satis
1651 2847 1793 2899 enim

117 2916 335 2972 defensa
379 2918 572 2990 religio
619 2921 704 2972 est
749 2918 808 2971 in
844 2919 1074 2972 secundo
1113 2920 1253 2973 libro
1294 2939 1327 2974 a
1364 2919 1594 2988 Lucilio,
1644 2921 1792 2973 cuius²

1349 3005 1436 3050 10*
