2002 3178
552 123 1209 179 LIB.11.CAP.44-47.§
1241 129 1353 170 93-
1360 129 1430 170 98.
1721 126 1824 178 231

261 245 438 310 Quid?
489 245 694 299 illudne
745 245 967 299 dubium
1017 248 1122 315 est,
1173 246 1303 315 quin
1352 246 1533 316 multi,
1583 265 1703 300 cum
1749 246 1829 299 ita
1843 233 1915 338 ’ξὸ

151 320 268 375 nati
320 323 522 390 essent,
574 323 637 373 ut
691 320 954 389 quaedam
999 323 1188 373 contra
1231 323 1484 373 naturam
1534 298 1915 391 depravata96

151 395 427 464 haberent,
449 393 864 447 restitueremur
886 396 941 447 et
964 394 1363 465 corrigerentur
1386 395 1454 447 ab
1471 397 1683 449 natura.
1706 413 1828 447 cum

150 486 210 522 se
246 469 367 539 ipsa
403 470 726 536 revocasset,
764 470 860 520 aut
899 469 1016 521 arte
1055 470 1216 537 atque
1247 467 1548 521 medicina?
1586 471 1663 538 ut,
1702 486 1829 538 quo-

107 557 129 591 5
150 561 272 596 rum
323 541 543 612 linguae
589 541 666 595 sic
714 541 1078 611 inhaererent,
1131 545 1193 594 ut
1239 542 1390 611 loqui
1435 560 1546 595 non
1590 545 1828 612 possent,

150 634 245 670 eae
290 616 551 686 scalpello
596 618 834 669 resectae
879 615 1253 668 liberarentur.
1320 615 1483 668 Multi
1529 617 1693 669 etiam
1737 635 1828 669 na-

149 693 305 744 turae
347 690 543 744 vitium
589 689 940 742 meditatione
979 692 1142 758 atque
1181 689 1562 742 exercitatione
1600 691 1828 743 sustule-

148 767 300 834 runt,
350 766 414 817 ut
460 763 883 817 Demosthenem
930 763 1119 816 scribit
1166 762 1461 816 Phalereus
1470 805 1485 833 ,
1536 782 1657 816 cum
1707 778 1827 818 RHO

150 837 325 892 dicere
374 837 645 906 nequiret,
700 837 1081 891 exercitatione
1125 836 1338 906 fecisse,
1390 840 1453 890 ut
1497 837 1828 907 planissume

84 929 127 964 ιο
149 911 364 965 diceret.
431 909 634 973 Quodsi
678 910 811 964 haec
857 913 1006 964 astro
1052 910 1372 981 ingenerata
1419 914 1474 964 et
1510 912 1713 964 tradita
1752 930 1829 964 es-

149 987 285 1055 sent,
320 985 475 1038 nulla
510 1001 597 1038 res
636 1002 700 1038 ea
729 987 940 1037 mutare
969 988 1171 1054 posset.
1232 983 1405 1046 Quid?
1446 984 1827 1039 dissimilitudo

147 1059 391 1114 locorum
434 1076 612 1112 nonne
660 1058 939 1111 dissimilis
977 1058 1259 1111 hominum
1296 1059 1699 1130 procreationes
1736 1059 1829 1113 ha·

147 1133 277 1186 bet?
317 1150 451 1202 quas
491 1132 705 1202 quidem
742 1150 1051 1202 percurrere
1091 1131 1336 1185 oratione
1372 1131 1532 1186 facile
1564 1136 1661 1202 est,
1702 1133 1830 1203 quid

146 1207 290 1261 inter
318 1205 482 1260 Indos
521 1208 576 1259 et
598 1205 807 1274 PersaS,
844 1205 1145 1275 Aethiopas
1185 1209 1240 1258 et
1271 1204 1435 1274 Syros
1474 1206 1687 1260 differat
1717 1225 1829 1260 cor-

85 1296 126 1331 15
147 1280 396 1352 poribuS,
433 1279 643 1349 animis,
680 1282 743 1332 ut
779 1279 1109 1332 incredibilis
1148 1279 1384 1332 varietas
1424 1279 1829 1334 dissimilitudo·

149 1371 252 1424 que
282 1353 370 1407 sit.
420 1353 506 1406 Ex
537 1370 642 1423 quo
673 1352 1012 1423 intellegitur
1041 1353 1164 1423 plus
1196 1356 1465 1406 terrarum
1496 1354 1634 1407 situs
1666 1373 1829 1424 quam
1859 1369 1913 1409 97

148 1429 308 1482 lunae
351 1430 531 1482 tactus
578 1426 646 1480 ad
683 1426 1010 1480 nascendum
1047 1427 1243 1480 valere.
1311 1425 1455 1480 Nam
1495 1428 1637 1497 quod
1676 1428 1829 1481 aiunt

149 1500 547 1572 quadringenta
599 1500 951 1572 septuaginta
1003 1500 1156 1554 milia
1209 1519 1474 1554 annorum
1518 1502 1575 1554 in
1619 1503 1829 1572 pericli·

147 1575 329 1629 tandis
378 1574 823 1645 experiundisque
869 1574 1049 1644 pueris
1058 1617 1073 1644 ,
1120 1575 1440 1644 quicumque
1480 1579 1660 1628 essent
1695 1576 1829 1646 nati,

83 1666 127 1700 so
148 1648 480 1718 Babylonios
518 1648 778 1718 posuisse,
816 1647 1039 1717 fallunt3
1078 1648 1126 1701 si
1156 1649 1299 1702 enim
1330 1651 1473 1702 esset
1501 1649 1827 1719 factitatum,

147 1741 258 1777 non
302 1725 447 1776 esset
492 1722 748 1791 desitum3
799 1722 1067 1774 neminem
1115 1725 1295 1775 autem
1340 1722 1602 1776 habemus
1649 1728 1828 1777 aucto-

147 1815 278 1867 rem,
316 1796 409 1866 qui
445 1796 502 1849 id
540 1799 634 1849 aut
670 1795 789 1848 fieri
828 1796 971 1848 dicat
1009 1798 1104 1849 aut
1141 1796 1347 1849 factum
1386 1796 1537 1850 sciat.
1580 1796 1825 1850 *Videsne
1842 1802 1911 1854 47

147 1889 235 1925 me
269 1888 382 1924 non
418 1888 482 1923 ea
520 1869 709 1939 dicere,
748 1887 884 1939 quae
917 1868 1235 1939 CarneadeS,
1274 1870 1368 1923 sed
1400 1889 1477 1939 ea,
1517 1889 1652 1940 quae
1683 1872 1827 1941 prin-

148 1962 273 2016 ceps
311 1942 617 1998 Stoicorum
652 1942 946 1997 Panaetius
990 1944 1220 1997 dixerit?
1280 1943 1401 2014 Ego
1442 1947 1623 1997 autem
1662 1945 1826 1998 etiam

84 2034 127 2068 2⁵
147 2018 281 2072 haec
310 2018 548 2087 requiro:
587 2035 856 2087 omnesne,
895 2017 988 2086 qui
1012 2016 1280 2071 Cannensi
1310 2035 1495 2088 pugna
1526 2018 1827 2088 ceciderint,

147 2110 255 2146 uno
309 2095 458 2145 astro
510 2090 735 2160 fuerint3
788 2091 960 2144 exitus
1017 2091 1229 2159 quidem
1285 2091 1523 2144 omnium
1579 2110 1717 2144 unus
1772 2096 1828 2145 et

147 2165 291 2220 idem
326 2164 447 2218 fuit.
508 2163 682 2227 Quid?
723 2165 814 2234 qui
849 2165 1065 2234 ingenio
1099 2168 1261 2233 atque
1293 2165 1474 2218 animo
1507 2164 1829 2236 singulareS,

148 2257 279 2293 num
318 2242 467 2292 astro
507 2256 718 2308 quoque
756 2238 899 2290 uno?
941 2237 1083 2307 quod
1121 2237 1264 2290 enim
1302 2240 1534 2308 tempus,
1573 2257 1679 2308 quo
1716 2258 1828 2293 non

148 2312 569 2367 innumerabiles
614 2311 944 2365 nascantur?
996 2313 1054 2364 at
1099 2314 1242 2365 certe
1289 2311 1482 2364 similis
1519 2331 1678 2366 nemo
1717 2312 1826 2366 Ho-

85 2401 129 2435 ⁸0
149 2387 299 2440 meri.
357 2386 447 2455 Et,
486 2386 532 2438 si
571 2385 639 2438 ad
668 2403 783 2437 rem
813 2384 1064 2454 pertinet,
1102 2403 1207 2455 quo
1239 2386 1398 2439 modo
1431 2386 1581 2439 caelo
1615 2386 1823 2440 adfecto
1857 2397 1911 2438 98

149 2459 551 2530 conpositisque
583 2458 846 2511 sideribus
879 2458 1125 2528 quodque
1157 2458 1358 2512 animal
1390 2459 1610 2529 oriatur,
1645 2461 1826 2513 valeat

150 2533 207 2587 id
242 2549 457 2587 necesse
497 2535 580 2585 est
616 2549 725 2585 non
762 2531 820 2584 in
855 2531 1165 2585 hominibus
1204 2533 1396 2602 solum,
1434 2552 1620 2586 verum
1651 2534 1709 2586 in
1738 2534 1826 2587 be-

151 2606 272 2660 stiis
318 2606 505 2674 etiam3
552 2623 657 2674 quo
706 2604 833 2675 quid
876 2608 1058 2675 potest
1097 2606 1200 2659 dici
1239 2606 1560 2659 absurdius?
1614 2606 1673 2660 L.
1713 2607 1825 2676 qui-

152 2680 272 2734 dem
310 2679 563 2732 Tarutius
602 2678 909 2748 Firmanus»,
950 2678 1237 2732 familiaris
1281 2683 1488 2747 noster,
1533 2680 1589 2732 in
1634 2681 1823 2750 primis

86 2767 130 2803 ⁸5
153 2752 459 2808 Chaldaicis
512 2752 814 2806 rationibus
866 2753 1132 2822 eruditus,
1186 2753 1334 2806 urbis
1389 2753 1553 2806 etiam
1605 2757 1823 2807 nostrae

150 2827 392 2881 natalem
430 2826 571 2879 diem
608 2826 888 2896 repetebat
929 2827 996 2879 ab
1033 2827 1101 2879 iis
1139 2826 1432 2895 Parilibus,
1471 2827 1664 2896 quibus
1705 2846 1822 2882 eam

153 2920 187 2954 a
223 2900 456 2954 Romulo
490 2899 772 2958 ,conditam
819 2900 1118 2969 accepimus
1127 2942 1142 2969 ,
1187 2900 1545 2970 Romamque,
1589 2900 1648 2953 in
1694 2901 1821 2969 iugo
