2002 3178
386 157 392 160 -
461 133 577 183 Lm.
608 135 644 183 L
677 134 805 183 οΑΡ.
838 138 1029 182 63—55.
1068 139 1095 191 s
1128 139 1374 184 120-125.
1660 133 1763 188 191

88 260 232 312 runt.
290 255 564 328 Scriptum
595 259 680 310 est
709 256 857 326 item,
886 272 1008 311 cum
1040 253 1294 327 Critonis,
1334 256 1418 310 sui
1447 255 1750 324 familiaris,
1770 266 1854 307 123

89 332 305 387 oculum
328 331 617 403 alligatum
648 330 889 400 vidisset,
919 330 1265 401 quaesivisse,
1298 330 1426 400 quid
1450 332 1615 400 esset3
1646 347 1769 383 cum

89 408 272 460 autem
307 404 404 458 ille
449 404 818 475 respondisset
861 404 920 457 in
964 422 1098 475 agro
1146 404 1451 458 ambulanti
1496 404 1768 458 ramulum

89 479 393 550 adductum,
430 481 495 532 ut
519 478 777 532 remissus
802 481 961 548 esset,
990 478 1049 531 in
1073 479 1288 532 oculum
1319 497 1477 532 suum
1500 478 1768 548 recidisse,

30 566 67 602 ὀ
89 557 208 607 tum
230 551 504 608 Socrates:
535 551 703 608 ‘Non
733 552 898 606 enim
928 552 1210 623 paruisti
1233 552 1391 606 mihi
1413 551 1768 621 revocanti,

90 646 227 682 cum
271 630 512 697 uterer,
562 644 685 697 qua
730 626 931 697 sole0,
978 627 1469 697 praesagitione
1516 625 1767 680 divina?

89 701 241 756 Idem
279 701 444 755 etiam
482 698 748 771 SocrateS,
786 719 908 754 cum
946 700 1089 770 apud
1126 700 1345 754 Delium
1384 700 1526 754 male
1564 717 1769 771 pugna-

89 779 208 829 tum
257 778 402 829 esset
436 773 672 829 Lachete
709 778 959 844 praetore
995 774 1315 845 fugeretque
1353 793 1476 828 cum
1511 774 1632 844 ipso
1670 773 1770 827 La-

89 850 266 919 chete,
310 851 374 902 ut
416 851 639 903 ventum
685 852 769 901 est
806 849 864 901 in
900 847 1144 917 trivium,
1191 849 1400 918 eadem,
1447 866 1553 918 qua
1591 848 1771 918 ceteri,

27 938 68 972 ιο
87 922 277 995 fugere
323 922 515 976 noluit.
591 921 795 985 Quibus
843 922 1224 992 quaerentibus
1231 964 1247 992 ,
1295 940 1389 977 cur
1434 940 1545 975 non
1583 922 1770 975 eadem

87 996 179 1052 via
213 999 482 1068 pergeret,
520 995 780 1050 deterreri
818 1014 875 1049 se
914 1015 948 1049 a
985 996 1083 1049 deo
1116 995 1273 1065 dixit3
1312 1014 1434 1050 cum
1470 995 1686 1065 quidem
1716 996 1770 1065 ii,

89 1070 183 1141 qui
212 1070 323 1124 alia
351 1069 442 1124 via
467 1069 740 1142 fugerant,
769 1069 828 1123 in
856 1069 1099 1124 hostium
1127 1070 1431 1139 equitatum
1454 1069 1771 1123 inciderunt.

87 1144 370 1198 Permulta
406 1144 650 1199 conlecta
680 1146 807 1197 sunt
838 1143 906 1197 ab
930 1143 1242 1214 AntipatrO,
1281 1162 1418 1213 quae
1449 1143 1772 1197 mirabiliter

91 1237 125 1273 a
146 1216 368 1273 Socrate
399 1217 641 1272 divinata
664 1221 813 1287 sunt3
853 1235 989 1287 quae
1012 1218 1471 1288 praetermittam3
1500 1217 1604 1271 tibi
1628 1218 1771 1271 enim

25 1306 68 1341 ιδ
89 1294 224 1347 nota
267 1293 417 1362 sunt,
461 1291 597 1346 mihi
634 1292 703 1346 ad
741 1292 1269 1346 commemorandum
1304 1310 1417 1346 non
1452 1292 1770 1346 necessaria.

88 1365 236 1420 Illud
271 1369 459 1420 tamen
494 1366 609 1420 eius
646 1366 961 1450 philosophi
999 1367 1347 1437 magnificum
1379 1384 1442 1420 ac
1471 1384 1642 1436 paene
1675 1366 1749 1419 di·
1776 1375 1857 1415 124

89 1440 323 1525 vium-n,-
346 1439 512 1510 quod,
557 1458 680 1495 cum
723 1439 907 1510 impiis
953 1440 1238 1494 sententiis
1286 1440 1573 1494 damnatus
1615 1443 1773 1509 esset,

91 1513 418 1584 aequissimo
468 1513 649 1568 animo
701 1531 758 1568 se
804 1514 941 1567 dixit
986 1514 1148 1584 mori3
1200 1532 1374 1584 neque
1423 1513 1565 1567 enim
1612 1513 1772 1567 domo

91 1587 390 1660 egredienti
424 1605 598 1658 neque
635 1587 774 1641 illud
811 1591 1155 1659 suggestum,
1199 1588 1258 1642 in
1296 1606 1402 1658 quo
1442 1606 1661 1642 causam
1699 1587 1774 1641 di-

26 1677 69 1710 20
90 1665 261 1732 xerat,
297 1661 608 1716 ascendenti
645 1661 861 1732 signum
900 1662 1005 1715 sibi
1041 1662 1230 1730 ullum,
1270 1662 1412 1732 quod
1445 1665 1772 1731 consuesset,

91 1755 126 1791 a
161 1735 262 1790 deo
301 1735 457 1806 quasi
493 1734 627 1789 mali
664 1735 889 1789 alicuius
926 1704 1270 1806 inpendentis
1310 1735 1511 1790 datum.

199 1809 465 1880 Equidem
510 1808 590 1864 sic
634 1809 891 1879 arbitror,
938 1809 1154 1863 etiamsi
1200 1810 1376 1863 multa
1417 1809 1620 1863 fallant
1664 1828 1772 1879 eOS,
1791 1813 1861 1867 55

92 1882 186 1956 qui
234 1886 330 1938 aut
375 1886 493 1938 arte
538 1886 635 1937 aut
670 1882 980 1938 coniectura
1018 1883 1260 1938 divinare
1297 1884 1605 1953 videantur,
1657 1901 1773 1937 esse

91 1961 276 2012 tamen
313 1955 724 2028 divinationem3
761 1957 1009 2012 homines
1047 1960 1245 2027 autem,
1282 1961 1346 2011 ut
1379 1958 1438 2010 in
1468 1958 1660 2011 ceteris
1693 1976 1774 2011 ar-

26 2045 70 2080 25
93 2032 264 2101 tibus,
303 2031 382 2085 sic
417 2031 476 2084 in
511 2030 615 2085 hac
651 2048 811 2102 posse
847 2031 984 2084 falli.
1057 2031 1250 2085 Potest
1288 2031 1541 2101 accidere,
1578 2034 1641 2084 ut
1679 2031 1774 2085 ali-

93 2105 238 2177 quod
290 2105 507 2176 signum
557 2104 717 2157 dubie
767 2104 953 2158 datum
1006 2123 1106 2175 pro
1157 2108 1304 2159 certo
1356 2108 1430 2159 sit
1479 2107 1773 2175 acceptum,

92 2181 278 2252 potest
314 2177 533 2249 aliquod
570 2178 798 2231 latuisse
837 2181 932 2232 aut
968 2179 1162 2248 ipsum,
1202 2182 1297 2233 aut
1336 2179 1480 2249 quod
1518 2182 1662 2232 esset
1691 2179 1774 2232 illi

93 2252 436 2308 contrarium.
495 2251 633 2306 Mihi
672 2255 855 2306 autem
893 2252 962 2305 ad
992 2252 1109 2323 hoc,
1148 2253 1212 2307 de
1244 2272 1351 2323 quo
1382 2253 1615 2324 disputo,
1654 2271 1774 2336 pro-

92 2327 331 2381 bandum
368 2325 505 2380 satis
543 2328 628 2380 est
655 2344 767 2380 non
795 2326 955 2380 modo
986 2326 1159 2397 plura,
1198 2327 1293 2381 sed
1322 2327 1488 2380 etiam
1518 2327 1775 2397 pauciora

27 2414 71 2447 ³⁰
94 2401 273 2456 divine
323 2418 616 2472 praesensa
668 2403 726 2453 et
768 2400 1045 2471 praedicta
1088 2400 1329 2472 reperiri.
1406 2400 1547 2463 Quin
1593 2401 1759 2454 etiam
1779 2411 1862 2452 125

92 2474 196 2530 hoc
245 2492 357 2529 non
405 2473 659 2528 dubitans
709 2473 956 2545 dixerim,
1011 2474 1058 2528 si
1105 2493 1273 2528 unum
1306 2475 1530 2544 ‚aliquid
1577 2475 1658 2528 ita
1703 2475 1776 2528 sit

91 2548 426 2619 praedictum
464 2565 940 2618 praesensumque,
984 2552 1069 2618 ut,
1117 2567 1238 2602 cum
1277 2549 1536 2618 evenerit,
1574 2549 1655 2602 ita
1693 2567 1775 2603 ca-

93 2621 202 2691 dat,
238 2625 302 2676 ut
337 2621 675 2693 praedictum
714 2622 799 2691 sit,
838 2640 1011 2692 neque
1048 2622 1106 2675 in
1146 2641 1208 2676 eo
1241 2622 1529 2692 quicquam
1561 2641 1689 2675 casu
1720 2626 1775 2676 et

91 2695 319 2750 fortuito
347 2696 555 2751 factum
587 2713 705 2749 esse
737 2699 1013 2766 appareat,
1053 2714 1170 2750 esse
1202 2699 1344 2751 certe
1370 2696 1774 2767 divinationem,

28 2781 70 2816 ³⁶
91 2768 253 2840 idque
289 2774 406 2823 esse
445 2770 694 2824 omnibus
734 2771 1108 2824 confitendum.

202 2841 465 2906 Quocirca
493 2843 727 2914 primum
760 2843 892 2896 mihi
925 2844 1151 2912 videtur,
1191 2847 1252 2897 ut
1273 2844 1596 2898 Posidonius
1627 2844 1774 2913 facit,

93 2933 127 2970 a
164 2915 280 2985 den,
316 2916 383 2970 de
421 2935 527 2986 quo
568 2918 701 2970 satis
742 2917 943 2971 dictum
983 2920 1082 2987 est,
1121 2918 1308 2971 deinde
1347 2937 1381 2972 a
1415 2918 1545 2986 fato,
1585 2918 1772 2970 deinde
