2002 3178
120 722 171 762 '16

206 156 233 206 1
243 155 271 205 7
275 154 312 206 4
782 151 864 196 DE
894 149 1292 196 DIVINATIONE

203 274 497 343 stellaeque
529 290 735 340 aureae,
776 289 912 340 quae
934 269 1163 340 Delphis
1195 272 1351 323 erant
1381 287 1414 323 a
1435 266 1870 323 Lacedaemoniis

202 347 411 416 positae
456 349 583 415 post
625 345 875 398 navalem
920 344 1073 397 illam
1115 343 1397 396 victoriam
1434 342 1720 412 Lysandri,
1766 359 1872 412 qua

203 419 559 472 Athenienses
599 418 958 485 conciderunt,
999 435 1104 485 qua
1141 416 1198 468 in
1227 434 1412 486 pugna
1443 415 1569 485 quia
1593 413 1787 470 Castor
1817 417 1873 469 ot

201 492 395 545 Pollux
426 510 547 546 cum
570 491 1112 545 Lacedaemoniorum
1145 490 1316 542 classe
1347 489 1451 542 visi
1481 507 1597 543 esse
1628 488 1872 543 diceban-

202 569 306 634 tur,
346 583 530 619 eorum
567 564 804 635 insignia
843 564 1077 633 deorum,
1116 563 1307 616 stellae
1339 580 1544 632 aureae,
1583 580 1716 632 quas
1747 561 1871 630 dixi,
1916 577 1937 610 ε

202 638 430 709 Delphis
477 639 686 709 positae
723 638 886 708 paulo
927 640 1051 691 ante
1089 636 1422 690 Leuctricam
1460 653 1701 706 pugnam
1739 634 1872 689 deci-

206 712 398 765 derunt
434 730 606 780 neque
636 714 881 781 repertae
914 713 1053 764 sunt.
1105 709 1399 763 Maximum
1428 727 1556 762 vero
1586 708 1724 761 illud
1752 724 1873 779 por-

203 788 414 838 tentum
451 785 622 838 isdem
660 782 950 855 Spartiatis
987 783 1113 851 fuit,
1161 782 1323 853 quod,
1366 801 1487 836 cum
1525 782 1766 836 oraclum
1803 780 1872 836 ab

202 858 330 912 Iove
367 859 660 912 Dodonaeo
705 858 1025 928 petivissent
1063 857 1127 909 de
1164 855 1393 910 victoria
1430 855 1764 910 sciscitantes
1802 854 1873 908 le-

205 932 423 1004 gatique
454 949 545 986 vas
574 931 725 1001 illud,
759 931 817 983 in
848 949 966 1000 quor
983 931 1198 983 inerant
1229 932 1416 998 sortes,
1447 928 1872 997 collocavissent,
1898 942 1939 974 10

205 1006 383 1076 simia,
434 1024 596 1075 quam
641 1023 733 1058 rex
772 1005 1133 1058 Molossorum
1170 1003 1227 1055 in
1265 1002 1470 1056 deliciis
1509 1002 1768 1071 habebat,
1818 1004 1874 1055 et

204 1082 376 1132 sortes
421 1079 568 1149 ipsas
615 1081 670 1131 et
708 1081 905 1146 cetera,
956 1096 1091 1147 quae
1130 1079 1283 1130 erant
1321 1076 1389 1130 ad
1427 1079 1629 1130 sortem
1665 1077 1874 1146 parata,

204 1152 529 1206 disturbavit
582 1154 636 1205 et
682 1151 827 1205 aliud
873 1151 980 1204 alio
1028 1150 1340 1220 dissupavit.
1416 1149 1554 1202 Tum
1599 1167 1684 1219 ea,
1738 1166 1873 1218 quae

202 1226 513 1296 praeposita
551 1228 667 1278 erat
706 1225 901 1293 oracIO,
939 1224 1186 1278 sacerdos
1225 1223 1420 1276 dixisse
1459 1222 1652 1276 dicitur
1690 1221 1755 1275 de
1793 1239 1874 1276 sa·

203 1300 316 1352 lute
353 1298 787 1353 Lacedaemoniis
827 1316 957 1367 esse,
998 1315 1108 1350 non
1146 1297 1209 1349 de
1247 1296 1474 1351 victoria
1512 1294 1870 1365 cogitandum.
1897 1308 1937 1343 ιδ

118 1360 187 1465 ἓξ)
205 1372 378 1435 Quid?
417 1372 562 1426 bello
601 1371 802 1425 Punico
842 1371 1072 1425 secundo
1109 1388 1287 1424 nonne
1325 1367 1382 1423 C.
1420 1365 1717 1423 Flaminius
1754 1386 1874 1424 con-

124 2703 175 2743 ⁷8

204 1447 288 1499 sul
341 1446 537 1499 iterum
589 1445 828 1516 neglexit
882 1444 1038 1515 signa
1090 1462 1268 1497 rerum
1319 1443 1624 1496 futurarum
1675 1459 1875 1513 magna

204 1539 324 1574 cum
375 1519 524 1573 clade
571 1519 651 1572 rei
699 1518 982 1588 publicae?
1044 1516 1146 1578 Qui
1195 1516 1429 1571 exercitu
1473 1516 1706 1569 lustrato
1753 1533 1872 1569 cum

204 1593 481 1647 Arretium
511 1610 698 1646 versus
729 1595 908 1645 castra
938 1591 1196 1644 movisset
1224 1593 1278 1643 et
1301 1593 1490 1643 contra
1510 1587 1871 1642 Hannibalem

204 1667 444 1738 legiones
492 1666 728 1734 duceret,
775 1668 830 1719 et
873 1664 989 1734 ipse
1035 1667 1090 1717 et
1135 1681 1301 1733 equus
1341 1663 1454 1716 eius
1494 1665 1620 1716 ante
1658 1662 1874 1733 signum
1897 1677 1940 1708 20

204 1740 349 1794 Iovis
396 1738 629 1793 Statoris
683 1738 797 1791 sine
850 1756 1012 1791 causa
1063 1740 1282 1807 repente
1336 1735 1567 1790 concidit
1613 1753 1711 1790 nec
1755 1753 1875 1789 eam

205 1832 318 1867 rem
355 1813 547 1866 habuit
583 1811 835 1881 religioni
873 1811 1081 1864 obiecto
1121 1810 1302 1881 signo,
1337 1812 1400 1864 ut
1435 1808 1624 1879 peritis
1662 1808 1874 1863 videba-

205 1891 319 1956 tur,
372 1905 439 1940 ne
492 1885 853 1939 committeret
904 1883 1184 1954 proelium.
1262 1882 1412 1936 Idem
1464 1900 1585 1936 cum
1637 1881 1872 1952 tripudio

207 1960 589 2030 auspicaretur,
626 1958 890 2028 pullarius
930 1957 1070 2010 diem
1107 1956 1299 2027 proelii
1331 1954 1700 2010 committendi
1730 1955 1873 2008 diffe-

205 2035 374 2088 rebat.
441 2033 579 2086 Tum
615 2031 912 2085 Flaminius
959 2049 1023 2084 ex
1061 2048 1123 2084 eo
1163 2029 1450 2098 quaesivit,
1495 2028 1544 2082 si
1578 2046 1645 2082 ne
1682 2031 1873 2098 postea
1895 2040 1938 2074 2⁵

208 2108 420 2176 quidem
472 2105 610 2176 pulli
663 2106 1030 2175 pascerentur,
1088 2103 1215 2172 quid
1266 2102 1567 2156 faciendum
1620 2104 1872 2156 censeret.

207 2182 342 2235 Cum
372 2180 465 2233 ille
497 2178 872 2249 quiescendum
895 2177 1274 2247 respondisset,
1303 2175 1623 2229 Flaminius:
1663 2174 1873 2230 ‘Prae-

207 2255 383 2309 clara
420 2270 570 2306 vero
610 2251 922 2321 auspicia,
967 2250 1022 2303 si
1059 2249 1497 2304 esurientibus
1534 2247 1734 2318 pullis
1771 2265 1872 2301 res

208 2327 346 2400 geri
382 2325 649 2395 poterit,
689 2324 930 2378 saturis
960 2323 1125 2376 nihil
1158 2320 1466 2394 gereturl'
1503 2321 1686 2391 itaque
1718 2321 1874 2392 signa

208 2399 438 2455 convelli
476 2402 530 2453 et
568 2417 625 2452 se
664 2397 814 2467 sequi
844 2396 1018 2449 iussit.
1079 2395 1194 2458 Quo
1225 2399 1468 2465 tempore
1499 2413 1619 2448 cum
1650 2394 1874 2465 signifer
1896 2407 1940 2440 ⁸0

208 2474 368 2544 primi
398 2472 603 2526 hastati
635 2471 850 2542 signum
880 2488 990 2524 non
1018 2473 1204 2540 posset
1234 2486 1448 2523 movere
1473 2469 1591 2522 loco
1614 2486 1711 2521 nec
1735 2467 1874 2537 quic-

209 2566 370 2617 quam
414 2546 784 2615 proficeretur,
829 2543 1012 2614 plures
1051 2561 1172 2596 cum
1211 2542 1540 2610 accederent,
1576 2540 1872 2595 Flaminius

207 2639 265 2674 re
302 2619 554 2673 nuntiata
591 2636 688 2672 suo
720 2635 869 2670 more
897 2616 1150 2686 neglexit.
1202 2614 1394 2684 Itaque
1423 2613 1598 2668 tribus
1627 2613 1695 2667 iis
1724 2613 1873 2667 horis

209 2694 451 2748 concisus
491 2691 752 2746 exercitus
786 2693 946 2758 atque
977 2689 1093 2759 ipse
1123 2687 1436 2742 interfectus
1468 2690 1564 2741 est.
1615 2685 1873 2757 Magnum

207 2767 343 2819 illud
391 2765 576 2834 etiam,
623 2764 765 2834 quod
814 2762 1018 2816 addidit
1063 2760 1300 2829 CoeliuS,
1345 2778 1408 2815 eo
1453 2762 1694 2829 tempore
1738 2759 1872 2829 ips0,
1895 2772 1938 2805 ³5

209 2859 326 2893 cum
372 2839 475 2892 hoc
520 2838 892 2891 calamitosum
938 2834 1202 2904 proelium
1247 2834 1420 2900 fieret,
1468 2835 1652 2886 tantos
1696 2835 1873 2885 terrae

210 2916 387 2965 motus
426 2912 484 2964 in
512 2911 818 2981 LiguribuS,
857 2908 1038 2962 Gallia
1076 2907 1543 2975 compluribusque
1574 2906 1764 2958 insulis
1795 2909 1872 2958 to-
