2002 3178
204 149 313 204 220
782 151 862 196 DE
894 151 1296 228 DIVINATlONE

275 268 431 323 Nam
463 273 615 340 quot
643 271 781 325 avis
814 274 1028 326 taetro
1053 275 1368 326 mactatas
1394 273 1580 327 dente
1604 273 1868 345 videtis,

276 343 396 396 Tot
424 362 538 397 nos
571 345 645 398 ad
668 344 921 398 Troiam
952 345 1113 399 belli
1144 347 1622 400 exanclabimus
1646 364 1867 418 annos3

276 415 443 477 Quae
468 417 723 472 decumo
749 419 933 472 cadet
957 421 1018 472 et
1039 437 1242 490 poena
1265 419 1866 476 satiabitAchivos'.

273 489 496 543 Edidit
548 491 703 545 haec
748 490 1043 562 Calchas3
1097 510 1254 563 quae
1305 493 1432 547 iam
1483 497 1731 621 mgtura
1779 494 1866 549 vi·

1579 566 1718 622 etis.

116 645 167 686 55
201 634 345 698 Quae
389 637 607 691 tandem
652 637 761 691 ista
806 638 1091 710 auguratio
1140 642 1225 693 est
1260 657 1326 693 ex
1361 640 1670 710 passeribus
1707 636 1867 696 anno-
1911 659 1933 694 s

199 728 318 762 rum
355 711 537 780 potius
577 729 738 780 quam
777 714 871 765 aut
909 729 1188 765 mensuum
1228 715 1322 766 aut
1353 713 1594 768 dierum?
1641 713 1748 769 Gur
1778 733 1867 769 au-

199 785 309 836 tem
341 783 404 837 de
434 784 756 854 passerculis
786 784 1147 839 coniecturam
1177 785 1324 856 facit,
1353 786 1410 840 in
1441 787 1634 857 quibus
1655 788 1866 842 nullum

199 859 316 910 erat
360 860 685 927 monstrum,
734 858 799 911 de
846 858 1074 912 dracone
1120 859 1268 929 silet,
1317 859 1429 930 qui,
1453 860 1534 914 nid
1571 861 1714 931 quod
1749 861 1866 916 fieri

197 947 306 983 non
342 930 537 1000 potuit,
574 930 818 1001 lapideus
858 931 1051 985 dicitur
1084 931 1296 1000 factus?
1333 936 1609 1004 postremo
1642 933 1770 1004 quid
1799 935 1865 989 si·

199 1002 324 1055 mile
373 1003 539 1057 habet
587 1021 775 1074 passer
823 1005 1013 1058 annis?
1074 1003 1216 1058 Nam
1266 1006 1330 1059 de
1379 1024 1554 1077 angue
1598 1007 1720 1078 illo,
1773 1007 1865 1079 qui
1888 1025 1932 1059 10

199 1073 380 1129 Sullae
398 1077 649 1147 apparuit
670 1077 991 1147 immolanti,
1014 1081 1299 1148 utrumque
1316 1080 1549 1150 memini,
1572 1083 1628 1134 et
1643 1079 1865 1151 Sullam,

199 1167 318 1203 cum
356 1149 413 1202 in
451 1150 840 1220 expeditionem
882 1151 1166 1206 educturus
1198 1155 1355 1222 esset,
1391 1153 1773 1225 immolavisse,
1810 1157 1866 1208 et

199 1240 429 1293 anguem
467 1225 536 1276 ab
567 1242 664 1277 ara
693 1224 951 1294 extitisse,
989 1242 1156 1293 eoque
1188 1225 1272 1279 die
1301 1244 1416 1279 rem
1445 1227 1719 1297 praeclare
1749 1244 1864 1282 esse

200 1299 409 1367 gestam
446 1314 556 1350 non
593 1297 892 1367 haruspicis
932 1298 1171 1368 consilio,
1210 1299 1304 1353 sed
1339 1299 1696 1369 imperatoris.

112 1345 179 1448 {³61
308 1368 488 1439 Atque
532 1370 665 1424 haec
703 1374 1038 1424 ostentorum
1078 1389 1275 1443 genera
1312 1372 1560 1427 mirabile
1596 1373 1734 1427 nihil
1771 1373 1862 1429 ha-
1886 1391 1928 1424 ιο

197 1442 349 1512 bent3
395 1461 531 1511 quae
577 1462 698 1497 cum
733 1443 881 1498 facta
918 1447 1065 1514 sunt,
1110 1448 1226 1499 tum
1265 1445 1333 1499 ad
1371 1446 1731 1500 coniecturam
1770 1447 1864 1501 ali-

198 1533 304 1586 qua
347 1516 794 1586 interpretatione
839 1520 1180 1586 revocantur,
1232 1521 1294 1571 ut
1339 1518 1437 1573 illa
1479 1519 1648 1574 tritici
1693 1537 1864 1592 grana

196 1589 254 1641 in
291 1607 350 1642 os
388 1590 540 1659 pueri
577 1590 753 1644 Midae
792 1594 1049 1661 congesta
1087 1595 1182 1645 aut
1219 1610 1346 1662 apes
1354 1634 1369 1662 ,
1416 1610 1551 1662 quas
1589 1593 1773 1647 dixisti
1808 1595 1864 1648 in

197 1661 366 1715 labris
410 1662 656 1716 Platonis
706 1664 1008 1717 consedisse
1056 1665 1229 1735 pueri,
1276 1682 1388 1719 non
1430 1668 1546 1719 tam
1591 1666 1862 1721 mirabilia

198 1735 307 1788 sint
353 1754 514 1805 quam
559 1736 800 1791 coniecta
843 1738 1007 1806 belle3
1053 1756 1188 1808 quae
1224 1741 1408 1792 tamen
1444 1739 1530 1792 vel
1567 1738 1687 1811 ipsa
1722 1739 1863 1794 falsa
1885 1756 1928 1790 ²0

198 1826 313 1862 esse
365 1809 453 1862 vel
499 1827 584 1879 ea,
637 1828 774 1879 quae
819 1810 1095 1880 praedicta
1140 1814 1287 1880 sunt,
1338 1811 1564 1865 fortuito
1610 1812 1859 1867 cecidisse

196 1884 499 1951 potuerunt.
574 1882 657 1936 De
701 1883 820 1952 ipso
859 1883 1055 1937 Roscio
1099 1887 1282 1953 potest
1318 1884 1454 1938 illud
1493 1884 1706 1954 quidem
1745 1903 1860 1940 esse

196 1955 408 2024 falsum,
446 1958 509 2008 ut
546 1955 948 2027 circumligatus
987 1957 1149 2010 fuerit
1186 1957 1365 2028 angui,
1402 1958 1495 2011 sed
1532 1961 1595 2011 ut
1623 1958 1682 2012 in
1711 1960 1859 2013 cunis

196 2027 360 2080 fuerit
403 2028 618 2099 anguis,
662 2047 772 2082 non
816 2032 930 2083 tam
978 2032 1061 2083 est
1099 2030 1316 2100 mirum,
1361 2030 1419 2084 in
1455 2029 1674 2086 Solonio
1711 2051 1860 2103 prae-

198 2100 399 2170 sertim,
436 2101 530 2155 ubi
568 2102 636 2155 ad
671 2101 851 2156 focum
889 2120 1092 2174 angues
1129 2103 1416 2157 nundinari
1452 2105 1644 2158 solent.
1717 2104 1859 2158 Nam
1882 2120 1925 2155 25

198 2174 339 2243 quod
382 2174 692 2245 haruspices
738 2176 1111 2246 responderint
1146 2176 1283 2229 nihil
1321 2176 1418 2231 illo
1457 2177 1676 2248 clarius,
1720 2177 1858 2231 nihil

195 2247 430 2300 nobilius
468 2247 605 2317 fore,
646 2248 814 2302 miror
852 2249 978 2302 deos
1015 2248 1350 2303 immortales
1387 2249 1641 2304 histrioni
1677 2250 1858 2304 futuro

113 2327 164 2368 67
198 2320 501 2374 claritatem
532 2321 844 2390 ostendisse,
879 2322 1087 2376 nullam
1119 2322 1415 2376 ostendisse
1444 2322 1713 2387 Africano.
1762 2323 1858 2377 At-

197 2411 298 2462 que
329 2393 493 2446 etiam
524 2412 558 2447 a
585 2396 641 2447 te
671 2393 1010 2449 Flaminiana
1040 2398 1255 2449 ostenta
1283 2395 1509 2449 collecta
1532 2399 1678 2449 sunt:
1717 2396 1859 2466 quod

195 2467 310 2535 ipse
348 2469 404 2519 et
441 2484 607 2536 equus
647 2467 759 2520 eius
797 2470 1016 2537 repente
1055 2468 1366 2537 conciderit3
1403 2486 1512 2522 non
1542 2486 1670 2523 sane
1699 2468 1858 2523 mira·
1880 2484 1924 2519 so

196 2539 303 2592 bile
355 2539 459 2593 hoc
513 2540 748 2609 quidem!
803 2541 944 2610 quod
989 2541 1147 2594 evelli
1190 2541 1351 2611 primi
1395 2541 1599 2595 hastati
1645 2543 1855 2614 signum

195 2629 302 2664 non
338 2613 598 2682 potuerit3
636 2612 822 2666 timide
858 2612 1089 2667 fortasse
1129 2614 1353 2685 signifer
1390 2615 1676 2685 evellebat,
1714 2614 1857 2685 quod

195 2684 419 2737 fidenter
469 2683 732 2739 infixerat.
807 2684 950 2739 Nam
994 2686 1241 2755 Dionysii
1287 2704 1452 2757 equus
1498 2687 1625 2756 quid
1670 2688 1858 2741 attulit

197 2757 587 2826 admirationis,
627 2759 769 2828 quod
807 2759 1025 2812 emersit
1061 2777 1090 2812 e
1128 2760 1345 2812 flumine
1384 2760 1629 2830 quodque
1667 2760 1857 2814 habuit

197 2846 324 2898 apes
367 2829 425 2881 in
467 2829 630 2884 iuba?
698 2828 802 2884 Sed
848 2830 974 2900 quia
1016 2832 1169 2886 brevi
1204 2835 1446 2902 tempore
1482 2850 1707 2903 regnare
1743 2851 1857 2887 coe-
1878 2847 1921 2881 ³⁶

196 2902 291 2970 pit,
333 2902 474 2968 quod
512 2902 776 2956 acciderat
814 2922 956 2970 casu,
993 2904 1103 2957 vim
1140 2904 1333 2960 habuit
1370 2906 1584 2958 ostenti.
1644 2904 1722 2959 At
1757 2905 1856 2960 La-
