2002 3178
540 129 651 175 LIB.
683 130 717 174 1.
761 128 887 174 CAP.
924 133 1111 174 13-—15.
1150 132 1176 183 s
1207 133 1396 173 22—27.
1705 125 1813 178 155

135 250 282 306 Num
324 249 498 322 igitur
537 252 625 304 tot
662 249 1085 304 clarissimorum
1123 247 1316 302 ducum
1354 264 1649 319 regumque
1685 264 1814 299 nau-

134 323 371 396 fragium
409 323 633 378 sustulit
671 326 844 378 artem
883 321 1253 396 gubernandi?
1294 324 1390 375 aut
1426 340 1557 375 num
1586 320 1814 390 impera·

134 401 317 453 torum
347 397 575 452 scientia
602 397 740 452 nihil
771 399 872 467 est,
903 398 1032 467 quia
1062 413 1303 450 summus
1327 395 1622 466 imperator
1643 411 1815 464 nuper

134 471 280 543 fugit
324 471 524 526 amisso
572 471 844 525 exercitu?
890 474 986 525 aut
1029 488 1160 523 num
1205 472 1493 540 propterea
1538 468 1693 521 nulla
1732 469 1815 520 est

92 560 113 595 ιε
135 546 214 599 rei
242 543 488 616 publicae
520 545 784 617 gerendae
807 544 948 599 ratio
973 547 1136 614 atque
1158 542 1460 614 prudentia,
1492 542 1620 612 quia
1642 541 1816 594 multa

135 617 231 675 Cn.
259 617 592 690 Pompeium,
625 618 887 688 quaedam
917 618 987 672 M.
1019 616 1296 686 Catonem,
1326 634 1436 670 non
1464 616 1619 669 nulla
1650 615 1815 668 etiam

134 696 191 747 te
227 692 408 764 ipsum
444 691 792 746 fefellerunt?
846 689 1052 745 Similis
1093 694 1178 745 est
1215 690 1563 761 haruspicum
1599 707 1816 759 respon·
1919 727 2000 758 *ff

136 766 217 821 sio
278 767 561 837 omnisque
623 765 914 837 opinabilis
969 765 1253 835 divinatio;
1313 764 1620 819 coniectura
1673 762 1816 816 enim
1889 754 1979 816 ¹35²

1878 845 1901 885 5

1952 693 1985 733 Ν

132 839 354 910 nititur,
404 840 552 893 ultra
605 857 768 909 quam
816 839 1072 910 progredi
1115 857 1226 892 non
1271 841 1466 908 potest.
1540 837 1625 891 Ea
1669 836 1816 890 fallit

71 929 116 962 ιο
135 913 369 968 fortasse
405 931 517 966 non
552 930 871 982 numquam,
920 913 1014 966 sed
1051 915 1235 965 tamen
1273 912 1341 965 ad
1378 912 1662 965 veritatem
1705 928 1817 964 sae·

134 986 358 1059 pissimo
387 986 609 1058 derigit3
646 989 731 1040 est
761 986 904 1039 enim
936 986 1005 1039 ab
1038 985 1186 1039 omni
1216 986 1537 1039 aeternitate
1567 984 1817 1055 repetita,

134 1061 193 1115 in
239 1078 347 1131 qua
391 1078 514 1114 cum
559 1077 730 1131 paene
774 1059 1243 1113 innumerabiliter
1288 1077 1374 1112 res
1423 1059 1609 1113 eodem
1655 1058 1815 1112 modo

135 1133 412 1190 evenirent
447 1133 620 1188 isdem
658 1133 829 1205 signis
870 1133 1216 1204 antegressiS,
1257 1151 1344 1187 ars
1384 1135 1468 1187 est
1506 1133 1697 1187 effecta
1735 1151 1817 1186 ea-

137 1208 260 1262 dem
296 1226 459 1279 saepe
497 1207 971 1261 animadvertendo
1012 1225 1075 1261 ac
1111 1207 1365 1261 notando.

72 1296 113 1331 ιι
246 1281 507 1353 Auspicia
543 1299 672 1336 vero
710 1284 894 1335 vestra
925 1299 1089 1352 quam
1118 1282 1393 1335 constant!
1434 1299 1570 1351 quae
1602 1281 1818 1351 quidem
1840 1280 1905 1334 15

135 1374 277 1410 nunc
314 1374 348 1410 a
383 1355 644 1409 Romanis
684 1355 978 1425 auguribus
1017 1355 1339 1426 ignorantur
1379 1353 1545 1424 (bona
1582 1354 1686 1409 hoc
1722 1326 1837 1415 tua!

136 1429 294 1484 venia
323 1428 589 1500 dixerim),
629 1447 663 1483 a
694 1428 967 1498 Cilicibus,
1005 1428 1360 1499 Pamphyliis‚
1397 1429 1610 1497 Pisidis,
1640 1419 1839 1498 Lyciis}

135 1505 400 1558 tenentur.
467 1501 612 1557 Nam
651 1503 780 1574 quid
817 1520 919 1574 ego
957 1502 1230 1573 hospitem
1267 1506 1531 1573 nostrum,
1570 1497 1905 1566 clarissu-fee

137 1596 286 1631 mum
324 1578 487 1647 atque
526 1579 810 1647 optumum
846 1576 1044 1647 virum,
1084 1576 1403 1630 Deiotarum
1441 1594 1641 1648 regem,
1680 1593 1835 1648 com-3

71 1666 114 1699 20
137 1651 468 1706 memorem?
522 1650 615 1722 qui
665 1651 804 1704 nihil
857 1669 1115 1720 umquam
1166 1651 1274 1704 nisi
1328 1651 1607 1721 auspicato
1664 1651 1846 1723 gerim·

137 1724 241 1788 Qui
292 1743 414 1779 cum
460 1742 526 1779 ex
569 1724 762 1778 itinere
809 1725 1043 1794 quodam
1089 1724 1372 1795 proposito
1419 1728 1475 1778 et
1520 1726 1845 1779 constituto‘

136 1799 448 1853 revertisset
493 1799 708 1869 aquilae
755 1798 1064 1852 admonitus
1110 1799 1321 1868 volatu,
1368 1799 1622 1853 conclave
1668 1799 1819 1868 illud,

137 1872 232 1927 ubi
276 1875 394 1927 erat
430 1890 741 1942 mansurus,
787 1872 835 1926 si
871 1872 950 1926 ire
988 1873 1337 1943 perrexisset,
1376 1873 1624 1943 proxima
1660 1876 1818 1927 nocte

137 1946 355 2002 corruit.
404 1944 614 2016 Itaque,
642 1949 705 2000 ut
736 1964 800 2000 ex
829 1946 948 2017 ipso
983 1946 1281 2017 audiebam,
1312 1965 1572 2017 persaepe
1595 1949 1820 2001 revertit
1852 1958 1905 1998 27

71 2034 114 2068 2⁵
137 2039 203 2075 ex
245 2020 462 2091 itinere,
509 2038 631 2075 cum
674 2019 784 2073 iam
831 2038 1152 2091 progressus
1199 2024 1342 2074 esset
1379 2021 1677 2075 multorum
1716 2022 1820 2075 die·

137 2113 259 2148 rum
306 2094 467 2148 viam.
544 2092 709 2148 Cuius
760 2094 975 2163 quidem
1024 2094 1127 2148 hoc
1177 2095 1671 2164 praeclarissimum
1722 2099 1820 2166 est,

139 2167 297 2238 quod,
332 2170 689 2238 posteaquam
727 2185 760 2221 a
786 2166 1015 2222 Caesare
1053 2168 1351 2222 tetrarchia
1382 2171 1437 2222 et
1466 2187 1634 2240 regno
1666 2187 1820 2239 pecu·

136 2241 333 2312 niaque
371 2241 634 2295 multatus
675 2244 773 2310 est,
811 2244 979 2312 negat
1018 2259 1074 2296 se
1112 2245 1297 2295 tamen
1336 2261 1520 2297 eorum
1559 2243 1820 2314 auspicio·
1887 2252 1892 2309 l

137 2334 280 2386 rum,
332 2333 470 2385 quae
522 2315 628 2369 sibi
681 2315 750 2369 ad
802 2314 1120 2385 Pompeium
1172 2315 1536 2386 proficiscenti
1589 2318 1820 2371 secunda
1888 2315 1895 2386 ξ

74 2403 115 2437 ³0
138 2389 430 2459 evenerint,
466 2389 765 2462 paenitere3
804 2392 1023 2443 senatus
1056 2389 1200 2443 enim
1231 2391 1612 2445 auctoritatem
1644 2394 1699 2445 et
1728 2410 1820 2462 po·

138 2462 255 2533 puli
291 2462 525 2517 Romani
562 2462 873 2517 libertatem
912 2466 1074 2533 atque
1105 2464 1321 2534 imperii
1352 2464 1676 2536 dignitatem
1708 2466 1819 2519 suis

139 2535 303 2590 armis
343 2553 460 2590 esse
491 2535 780 2606 defensam,
819 2537 1029 2607 sibique
1061 2555 1151 2592 eas
1184 2556 1325 2607 aves,
1364 2539 1560 2607 quibus
1593 2539 1820 2593 auctori·
1892 2567 1901 2587 s·

138 2611 240 2664 bus
279 2609 518 2664 officium
555 2613 612 2664 et
647 2610 809 2664 fidem
848 2614 1060 2665 secutus
1100 2615 1259 2682 esset,
1296 2612 1431 2665 bene
1464 2613 1821 2684 consuluisse3
1956 2660 1972 2673 ,

141 2683 504 2754 antiquiorem
541 2683 687 2737 enim
725 2684 832 2737 sibi
869 2684 1038 2738 fuisse
1076 2686 1510 2756 possessionibus
1550 2687 1662 2740 suis
1702 2688 1821 2758 glo·
1878 2703 1888 2778 [
1928 2702 1988 2760 μ’»

75 2770 117 2805 85
140 2757 293 2811 riam.
368 2756 469 2812 Ille
514 2757 649 2811 mihi
693 2757 908 2812 videtur
951 2758 1123 2830 igitur
1167 2778 1290 2813 vere
1331 2760 1600 2831 augurari.
1675 2760 1820 2814 Nam
1876 2736 1951 2827 ,fs

137 2830 314 2885 nostri
359 2831 576 2902 quidem
622 2831 978 2902 magistratus
1025 2833 1279 2903 auspiciis
1324 2837 1551 2887 utuntur
1597 2836 1820 2904 coactis3

137 2922 355 2960 necesse
392 2910 478 2959 est
515 2905 659 2959 enim
698 2905 807 2959 offa
844 2905 1056 2961 obiecta
1093 2906 1282 2961 cadere
1318 2907 1555 2962 frustum
1587 2927 1650 2962 ex
1680 2909 1820 2979 pulli
