2002 3178
534 166 646 212 ΜΒ.
678 166 736 215 11.
775 166 902 212 CAP.
936 171 1124 212 11-14.
1156 170 1182 220 ς
1212 170 1403 211 27—33.
1702 164 1807 218 207

131 306 267 358 quas
318 290 467 342 terra
517 290 787 358 procreet,
838 287 927 342 vel
980 287 1288 340 ubertatem
1334 285 1421 340 vel
1466 285 1812 355 tenuitatem3

132 361 512 416 salubritatem
560 361 727 415 etiam
775 364 872 416 aut
915 361 1285 431 pestilentiam
1331 361 1468 413 extis
1516 359 1812 431 significari

131 438 303 507 putat.
378 434 424 490 Ο
478 435 766 489 mortalem
819 435 1062 489 beatum!
1124 434 1210 489 cui
1263 437 1411 489 certo
1459 433 1570 488 scio
1624 434 1811 487 ludum

130 527 426 579 numquam
471 508 726 579 defuisse3
770 509 1000 563 huncine
1046 508 1322 562 hominem
1366 507 1537 561 tantis
1585 508 1812 562 delecta-

88 597 110 631 6
131 585 250 638 tum
293 600 413 638 esse
416 582 634 669 nugis,
678 586 741 637 ut
777 601 888 637 non
923 582 1131 636 videret
1168 586 1287 636 tum
1323 582 1569 636 futurum
1606 581 1662 635 id
1699 581 1814 636 veri

133 655 332 727 simile,
385 655 434 712 si
477 656 719 711 omnium
763 657 1025 727 pecudum
1071 659 1197 711 exta
1241 656 1429 711 eodem
1469 658 1713 725 tempore
1756 655 1815 708 in

132 730 360 786 eundem
417 730 668 785 habitum
719 748 778 785 se
830 731 1171 800 coloremque
1224 730 1635 785 converterent?
1711 727 1815 783 Sed

133 804 183 859 si
219 804 407 859 eadem
442 804 580 859 hora
617 803 758 859 aliae
794 804 1012 875 pecudis
1050 805 1197 858 iecur
1233 804 1467 857 nitidum
1506 806 1668 873 atque
1705 803 1814 874 ple-

131 896 263 932 num
300 881 406 948 est,
451 878 590 932 aliae
627 878 907 932 horridum
945 882 1001 932 et
1039 878 1199 949 exile,
1237 878 1366 948 quid
1405 881 1510 948 est,
1549 877 1692 947 quod
1731 877 1816 931 de-

73 967 111 1005 20
134 951 331 1007 clarari
366 951 544 1022 possit
580 951 772 1006 habitu
811 955 1058 1006 extorum
1095 955 1152 1006 et
1189 952 1406 1007 colore?
1446 971 1517 1006 an
1544 951 1649 1005 hoc
1680 951 1815 1005 eius-

134 1025 256 1080 dem
299 1025 448 1079 modi
484 1028 591 1094 est,
640 1026 800 1096 quale
837 1025 1236 1096 Pherecydeum
1273 1025 1432 1095 illud,
1479 1025 1623 1095 quod
1661 1029 1745 1079 est
1783 1045 1816 1079 a

132 1103 189 1155 te
218 1099 457 1154 dictum?
496 1099 589 1170 qui
619 1118 741 1154 cum
772 1118 968 1170 aquam
1000 1118 1064 1153 ex
1097 1102 1261 1170 puteo
1292 1100 1519 1154 vidisset
1546 1100 1815 1169 haustam,

133 1177 311 1228 terrae
333 1172 544 1228 motum
575 1173 712 1227 dixit
732 1173 990 1227 futurum.
1028 1173 1243 1243 Parum,
1275 1174 1449 1244 credo,
1479 1174 1815 1244 inpudenter,

137 1246 296 1318 quod,
326 1265 449 1302 cum
476 1246 655 1302 factus
686 1250 771 1301 est
801 1250 996 1317 motuS,
1029 1247 1202 1301 dicere
1234 1247 1448 1318 audent,
1480 1266 1617 1317 quae
1647 1248 1730 1302 vis
1760 1248 1817 1301 id

71 1336 112 1370 ιε
135 1320 394 1391 effecerit3
424 1320 658 1375 etiamne
687 1320 931 1375 futurum
963 1339 1079 1375 esse
1103 1340 1274 1391 aquae
1297 1321 1440 1393 iugis
1464 1322 1643 1375 colore
1665 1341 1816 1393 prae·

135 1393 413 1451 sentiunt?
472 1393 650 1450 Multa
685 1395 845 1449 istius
883 1395 1031 1458 modi
1069 1395 1319 1449 dicuntur
1355 1395 1414 1448 in
1451 1395 1676 1466 scholis,
1722 1396 1817 1449 sed

135 1468 349 1524 credere
394 1468 578 1524 omnia
619 1468 741 1524 vide
785 1487 854 1523 ne
897 1487 1009 1523 non
1054 1469 1128 1523 sit
1163 1487 1396 1524 necesse.
1463 1469 1668 1524 Verum
1707 1469 1817 1523 sint

136 1560 265 1597 sane
308 1542 419 1597 ista
454 1541 799 1597 Democritea
843 1561 994 1613 vera3
1039 1543 1252 1614 quando
1303 1561 1367 1597 ea
1410 1561 1510 1597 nos
1556 1543 1694 1597 extis
1734 1562 1817 1597 ex-

138 1615 438 1686 quirimus?
476 1619 572 1671 aut
610 1617 823 1686 quando
863 1616 1069 1687 aliquid
1108 1617 1222 1670 eius
1254 1617 1400 1671 modi
1432 1618 1501 1671 ab
1532 1617 1817 1702 haruspice

72 1705 115 1738 20
136 1689 394 1760 inspectis
440 1689 578 1744 extis
625 1690 965 1744 audivimus?
1026 1690 1114 1744 Ab
1155 1709 1295 1760 aqua
1334 1694 1429 1745 aut
1467 1691 1536 1744 ab
1574 1691 1692 1763 igni
1728 1710 1816 1762 pe-

136 1763 309 1818 ricula
353 1767 596 1833 monent3
648 1767 767 1818 tum
810 1763 1162 1834 hereditateS,
1214 1767 1332 1818 tum
1382 1765 1579 1819 damna
1623 1765 1819 1819 denun-

137 1837 302 1908 tiant3
338 1837 527 1891 fissum
555 1837 825 1892 familiare
856 1842 911 1891 et
941 1838 1108 1892 vitale
1139 1841 1403 1907 tractant3
1433 1838 1641 1910 caput
1625 1839 1818 1894 iecoris

137 1929 203 1965 ex
246 1911 396 1966 omni
437 1914 594 1983 parte
640 1911 1056 1984 diligentissime
1095 1913 1461 1983 considerant3
1508 1912 1556 1967 si
1593 1931 1724 1967 vero
1761 1914 1817 1967 id

136 2002 247 2039 non
287 1988 373 2039 est
408 1985 711 2056 inventum,
754 1985 893 2039 nihil
930 1989 1129 2056 putant
1167 1986 1404 2041 accidere
1441 1986 1685 2057 potuisse
1722 1987 1816 2041 tri-

73 2071 116 2107 26
138 2058 291 2113 stius.
356 2057 507 2113 Haec
545 2059 822 2114 observari
859 2063 1005 2114 certe
1040 2078 1152 2114 non
1188 2063 1505 2131 potuerunt,
1551 2064 1614 2115 ut
1652 2079 1874 2146 supra3

139 2131 309 2187 docui.
384 2131 522 2187 Sunt
565 2132 736 2204 igitur
781 2133 916 2188 artis
962 2133 1205 2204 inventa,
1254 2152 1364 2188 non
1408 2134 1722 2204 vetustatis,
1770 2135 1818 2188 si

138 2209 224 2260 est
267 2223 358 2260 ars
402 2206 518 2260 ulla
560 2224 741 2261 rerum
781 2207 1205 2279 incognitarum3
1254 2226 1376 2262 cum
1413 2226 1595 2262 rerum
1635 2211 1818 2262 autem

137 2282 334 2334 natura
371 2297 534 2350 quam
571 2280 950 2352 cognationem
987 2281 1229 2336 habent?
1277 2299 1413 2352 quae
1450 2285 1513 2336 ut
1550 2300 1657 2336 uno
1697 2301 1817 2336 con-

139 2371 300 2408 sensu
349 2353 536 2408 iuncta
582 2354 656 2408 sit
701 2357 757 2409 et
802 2355 1106 2439 continens,
1159 2355 1302 2425 quod
1347 2355 1502 2410 video
1549 2356 1818 2427 placuisse

74 2441 118 2475 ω
138 2426 392 2498 physicis,
430 2427 613 2497 eisque
643 2447 906 2497 maxume,
945 2427 1038 2498 qui
1068 2446 1241 2499 omne,
1280 2429 1424 2500 quod
1454 2433 1612 2499 esset,
1650 2449 1816 2484 unum

140 2517 258 2555 esse
303 2500 574 2570 dixerunt,
620 2500 750 2571 quid
793 2470 994 2556 haliere
1039 2502 1270 2556 mundus
1315 2506 1500 2573 potest
1545 2522 1667 2557 cum
1704 2504 1818 2557 the·

140 2572 287 2628 sauri
323 2573 633 2628 inventione
672 2575 1050 2630 coniunctum?
1113 2573 1170 2630 Si
1209 2576 1353 2630 enim
1391 2577 1532 2631 extis
1562 2578 1817 2647 pecuniae

139 2646 274 2702 mihi
311 2646 662 2718 amplificatio
702 2648 1005 2703 ostenditur
1040 2649 1201 2719 idque
1239 2650 1304 2703 fit
1333 2654 1544 2720 natura,
1583 2651 1820 2721 primum

139 2724 264 2775 exta
301 2723 429 2775 sunt
466 2721 752 2776 coniuncta
787 2722 1003 2792 mundo,
1042 2723 1231 2777 deinde
1270 2742 1449 2777 meum
1487 2724 1698 2778 lucrum
1728 2743 1820 2778 na·

75 2807 116 2842 ⁸⁶
138 2797 264 2848 tura
311 2813 492 2848 rerum
541 2795 861 2849 continetur.
932 2795 1126 2850 Nonne
1174 2797 1342 2867 pudet
1385 2797 1640 2867 physicos
1686 2798 1820 2853 haec

140 2867 350 2922 dicere?
411 2867 488 2922 Ut
527 2868 669 2922 enim
707 2868 816 2921 iam
858 2869 931 2922 sit
962 2870 1146 2940 aliqua
1174 2871 1232 2924 in
1262 2874 1459 2924 natura
1488 2889 1669 2925 rerum
1700 2890 1819 2926 con-

139 2941 313 3013 tugie,
366 2960 528 3010 quam
582 2960 699 2995 esse
751 2942 983 2998 concedo
1030 2942 1229 3015 (multa
1275 2945 1418 2998 enim
1459 2944 1625 2999 Stoici
1671 2946 1817 3000 colli·

1846 965 1897 1005 31

1847 1482 1901 1522 32

1837 2038 1903 2090 14
