<?xml version="1.0" encoding="UTF-8"?>
<!DOCTYPE html PUBLIC "-//W3C//DTD XHTML 1.0 Transitional//EN"
    "http://www.w3.org/TR/xhtml1/DTD/xhtml1-transitional.dtd">
<html xmlns="http://www.w3.org/1999/xhtml" xml:lang="en" lang="en">
 <head>
  <title>
</title>
<meta http-equiv="Content-Type" content="text/html;charset=utf-8" />
  <meta name='ocr-system' content='tesseract 3.04.00' />
  <meta name='ocr-capabilities' content='ocr_page ocr_carea ocr_par ocr_line ocrx_word'/>
</head>
<body>
  <div class='ocr_page' id='page_1' title='image "./dedivinationelib00ciceuoft_0016.png"; bbox 0 0 2002 3178; ppageno 0'>
   <div class='ocr_carea' id='block_1_1' title="bbox 210 122 1300 177">
    <p class='ocr_par' dir='ltr' id='par_1_1' title="bbox 210 122 1300 177">
     <span class='ocr_line' id='line_1_1' title="bbox 210 122 1300 177; baseline 0.002 -11"><span class='ocrx_word' id='word_1_1' title='bbox 210 125 313 177; x_wconf 80' lang='lat'>152</span> <span class='ocrx_word' id='word_1_2' title='bbox 781 123 862 167; x_wconf 81' lang='lat' dir='ltr'>DE</span> <span class='ocrx_word' id='word_1_3' title='bbox 893 122 1300 169; x_wconf 85' lang='lat' dir='ltr'><strong>DIVINATIONE</strong></span> 
     </span>
    </p>
   </div>
   <div class='ocr_carea' id='block_1_2' title="bbox 278 241 1871 529">
    <p class='ocr_par' dir='ltr' id='par_1_2' title="bbox 278 241 1823 314">
     <span class='ocr_line' id='line_1_2' title="bbox 278 241 1823 314; baseline -0.001 -17"><span class='ocrx_word' id='word_1_4' title='bbox 278 243 607 311; x_wconf 90' lang='lat' dir='ltr'>Multaque</span> <span class='ocrx_word' id='word_1_5' title='bbox 645 241 903 295; x_wconf 81' lang='lat' dir='ltr'>misceri</span> <span class='ocrx_word' id='word_1_6' title='bbox 939 245 1255 296; x_wconf 87' lang='lat' dir='ltr'>nocturna</span> <span class='ocrx_word' id='word_1_7' title='bbox 1291 245 1512 314; x_wconf 85' lang='lat' dir='ltr'>strage</span> <span class='ocrx_word' id='word_1_8' title='bbox 1547 243 1823 314; x_wconf 80' lang='lat' dir='ltr'>putasti,</span> 
     </span>
    </p>

    <p class='ocr_par' dir='ltr' id='par_1_3' title="bbox 279 314 1871 444">
     <span class='ocr_line' id='line_1_3' title="bbox 279 314 1871 384; baseline 0.001 -15"><span class='ocrx_word' id='word_1_9' title='bbox 279 315 455 378; x_wconf 85' lang='lat' dir='ltr'>Quod</span> <span class='ocrx_word' id='word_1_10' title='bbox 506 315 706 368; x_wconf 89' lang='lat' dir='ltr'>ferme</span> <span class='ocrx_word' id='word_1_11' title='bbox 760 315 962 368; x_wconf 91' lang='lat' dir='ltr'>dirum</span> <span class='ocrx_word' id='word_1_12' title='bbox 1015 314 1081 367; x_wconf 89' lang='lat' dir='ltr'>in</span> <span class='ocrx_word' id='word_1_13' title='bbox 1133 318 1382 384; x_wconf 86' lang='lat' dir='ltr'>tempus</span> <span class='ocrx_word' id='word_1_14' title='bbox 1430 315 1717 370; x_wconf 90' lang='lat' dir='ltr'>cecidere</span> <span class='ocrx_word' id='word_1_15' title='bbox 1759 316 1871 371; x_wconf 79' lang='lat' dir='ltr'>La·</span> 
     </span>
     <span class='ocr_line' id='line_1_4' title="bbox 1528 389 1728 459; baseline 0.011 -17"><span class='ocrx_word' id='word_1_16' title='bbox 1528 389 1728 459; x_wconf 87' lang='lat' dir='ltr'>tinae,</span> 
     </span>
    </p>

    <p class='ocr_par' dir='ltr' id='par_1_4' title="bbox 279 460 1828 529">
     <span class='ocr_line' id='line_1_5' title="bbox 279 460 1828 529; baseline 0.001 -15"><span class='ocrx_word' id='word_1_17' title='bbox 279 461 428 515; x_wconf 93' lang='lat' dir='ltr'>Cum</span> <span class='ocrx_word' id='word_1_18' title='bbox 466 462 705 515; x_wconf 89' lang='lat' dir='ltr'>claram</span> <span class='ocrx_word' id='word_1_19' title='bbox 744 460 1023 529; x_wconf 87' lang='lat' dir='ltr'>speciem</span> <span class='ocrx_word' id='word_1_20' title='bbox 1060 463 1361 515; x_wconf 90' lang='lat' dir='ltr'>concreto</span> <span class='ocrx_word' id='word_1_21' title='bbox 1399 460 1638 516; x_wconf 91' lang='lat' dir='ltr'>lumine</span> <span class='ocrx_word' id='word_1_22' title='bbox 1676 463 1828 516; x_wconf 81' lang='lat' dir='ltr'>luna</span> 
     </span>
    </p>
   </div>
   <div class='ocr_carea' id='block_1_3' title="bbox 199 534 1875 605">
    <p class='ocr_par' dir='ltr' id='par_1_5' title="bbox 199 534 1875 605">
     <span class='ocr_line' id='line_1_6' title="bbox 199 534 1875 605; baseline 0.001 -18"><span class='ocrx_word' id='word_1_23' title='bbox 199 577 206 597; x_wconf 81' lang='grc'><em>,</em></span> <span class='ocrx_word' id='word_1_24' title='bbox 278 534 548 588; x_wconf 90' lang='lat' dir='ltr'>Abdidit</span> <span class='ocrx_word' id='word_1_25' title='bbox 567 537 629 587; x_wconf 91' lang='lat' dir='ltr'>et</span> <span class='ocrx_word' id='word_1_26' title='bbox 649 534 864 587; x_wconf 92' lang='lat' dir='ltr'>subito</span> <span class='ocrx_word' id='word_1_27' title='bbox 886 534 1190 588; x_wconf 75' lang='lat' dir='ltr'><strong>stellanti</strong></span> <span class='ocrx_word' id='word_1_28' title='bbox 1207 536 1393 588; x_wconf 89' lang='lat' dir='ltr'>nocte</span> <span class='ocrx_word' id='word_1_29' title='bbox 1411 538 1741 605; x_wconf 87' lang='lat' dir='ltr'>perempta</span> <span class='ocrx_word' id='word_1_30' title='bbox 1763 538 1875 589; x_wconf 90' lang='lat' dir='ltr'>est.</span> 
     </span>
    </p>
   </div>
   <div class='ocr_carea' id='block_1_4' title="bbox 279 606 1938 677">
    <p class='ocr_par' dir='ltr' id='par_1_6' title="bbox 279 606 1938 677">
     <span class='ocr_line' id='line_1_7' title="bbox 279 606 1938 677; baseline -0.002 -16"><span class='ocrx_word' id='word_1_31' title='bbox 279 607 441 669; x_wconf 87' lang='lat' dir='ltr'>Quid</span> <span class='ocrx_word' id='word_1_32' title='bbox 477 625 627 661; x_wconf 85' lang='lat' dir='ltr'>vero</span> <span class='ocrx_word' id='word_1_33' title='bbox 665 606 910 660; x_wconf 86' lang='lat' dir='ltr'>Phoebi</span> <span class='ocrx_word' id='word_1_34' title='bbox 946 606 1079 676; x_wconf 82' lang='lat' dir='ltr'>fax,</span> <span class='ocrx_word' id='word_1_35' title='bbox 1116 606 1337 660; x_wconf 89' lang='lat' dir='ltr'>tristis</span> <span class='ocrx_word' id='word_1_36' title='bbox 1374 607 1600 661; x_wconf 87' lang='lat' dir='ltr'>nuntia</span> <span class='ocrx_word' id='word_1_37' title='bbox 1636 608 1819 677; x_wconf 87' lang='lat' dir='ltr'>belli,</span> <span class='ocrx_word' id='word_1_38' title='bbox 1918 624 1938 658; x_wconf 75' lang='grc' dir='ltr'><strong>ο</strong></span> 
     </span>
    </p>
   </div>
   <div class='ocr_carea' id='block_1_5' title="bbox 205 672 1876 751">
    <p class='ocr_par' dir='ltr' id='par_1_7' title="bbox 205 672 1876 751">
     <span class='ocr_line' id='line_1_8' title="bbox 205 672 1876 751; baseline -0.001 -16"><span class='ocrx_word' id='word_1_39' title='bbox 205 704 211 708; x_wconf 92' lang='grc'><em>·</em></span> <span class='ocrx_word' id='word_1_40' title='bbox 279 680 446 743; x_wconf 86' lang='lat' dir='ltr'>Quae</span> <span class='ocrx_word' id='word_1_41' title='bbox 492 698 788 751; x_wconf 88' lang='lat' dir='ltr'>magnum</span> <span class='ocrx_word' id='word_1_42' title='bbox 832 680 908 734; x_wconf 89' lang='lat' dir='ltr'>ad</span> <span class='ocrx_word' id='word_1_43' title='bbox 945 680 1238 734; x_wconf 83' lang='lat' dir='ltr'><strong>columen</strong></span> <span class='ocrx_word' id='word_1_44' title='bbox 1273 672 1608 734; x_wconf 85' lang='lat' dir='ltr'>flammato</span> <span class='ocrx_word' id='word_1_45' title='bbox 1647 681 1876 735; x_wconf 87' lang='lat' dir='ltr'>ardore</span> 
     </span>
    </p>
   </div>
   <div class='ocr_carea' id='block_1_6' title="bbox 278 753 1875 896">
    <p class='ocr_par' dir='ltr' id='par_1_8' title="bbox 278 753 1875 896">
     <span class='ocr_line' id='line_1_9' title="bbox 278 753 1875 896; baseline 0.001 -16"><span class='ocrx_word' id='word_1_46' title='bbox 278 826 672 896; x_wconf 73' lang='lat' dir='ltr'>Praecipitis</span> <span class='ocrx_word' id='word_1_47' title='bbox 704 826 869 880; x_wconf 88' lang='lat' dir='ltr'>caeli</span> <span class='ocrx_word' id='word_1_48' title='bbox 898 826 1107 896; x_wconf 91' lang='lat' dir='ltr'>partis</span> <span class='ocrx_word' id='word_1_49' title='bbox 1132 753 1875 896; x_wconf 53' lang='grc' dir='ltr'>οὴίὺυεᾳυζοέἓέοζξθηεῖ</span> 
     </span>
    </p>
   </div>
   <div class='ocr_carea' id='block_1_7' title="bbox 221 898 1796 969">
    <p class='ocr_par' dir='ltr' id='par_1_9' title="bbox 117 898 1796 974">
     <span class='ocr_line' id='line_1_10' title="bbox 221 898 1796 969; baseline 0.002 -18.814"><span class='ocrx_word' id='word_1_50' title='bbox 221 925 225 964; x_wconf 54' lang='lat' dir='ltr'><em>g</em></span> <span class='ocrx_word' id='word_1_51' title='bbox 279 900 407 953; x_wconf 89' lang='lat' dir='ltr'>Aut</span> <span class='ocrx_word' id='word_1_52' title='bbox 445 918 582 953; x_wconf 92' lang='lat' dir='ltr'>cum</span> <span class='ocrx_word' id='word_1_53' title='bbox 619 899 915 952; x_wconf 92' lang='lat' dir='ltr'>terribili</span> <span class='ocrx_word' id='word_1_54' title='bbox 952 899 1288 969; x_wconf 87' lang='lat' dir='ltr'>perculsus</span> <span class='ocrx_word' id='word_1_55' title='bbox 1324 898 1596 954; x_wconf 84' lang='lat' dir='ltr'>fulmine</span> <span class='ocrx_word' id='word_1_56' title='bbox 1634 899 1796 954; x_wconf 82' lang='lat' dir='ltr'>civis</span> 
     </span>
    </p>
   </div>
   <div class='ocr_carea' id='block_1_8' title="bbox 80 970 1638 1043">
    <p class='ocr_par' dir='ltr' id='par_1_10' title="bbox 80 970 1638 1055">
     <span class='ocr_line' id='line_1_11' title="bbox 80 970 1638 1043; baseline -0.001 -17"><span class='ocrx_word' id='word_1_57' title='bbox 80 970 142 1006; x_wconf 39' lang='grc' dir='ltr'>Ὗ</span> <span class='ocrx_word' id='word_1_58' title='bbox 278 973 442 1027; x_wconf 92' lang='lat' dir='ltr'>Luce</span> <span class='ocrx_word' id='word_1_59' title='bbox 481 972 811 1026; x_wconf 74' lang='lat' dir='ltr'>serenanti</span> <span class='ocrx_word' id='word_1_60' title='bbox 847 972 1084 1026; x_wconf 82' lang='lat' dir='ltr'>vitalia</span> <span class='ocrx_word' id='word_1_61' title='bbox 1122 971 1366 1026; x_wconf 91' lang='lat' dir='ltr'>lumina</span> <span class='ocrx_word' id='word_1_62' title='bbox 1403 972 1638 1043; x_wconf 75' lang='lat' dir='ltr'>liquit?</span> 
     </span>
    </p>
   </div>
   <div class='ocr_carea' id='block_1_9' title="bbox 123 1495 173 1535">
    <p class='ocr_par' dir='ltr' id='par_1_11' title="bbox 123 1495 173 1535">
     <span class='ocr_line' id='line_1_12' title="bbox 123 1495 173 1535; baseline 0.02 -1"><span class='ocrx_word' id='word_1_63' title='bbox 123 1495 173 1535; x_wconf 79' lang='lat'>19</span> 
     </span>
    </p>
   </div>
   <div class='ocr_carea' id='block_1_10' title="bbox 125 1853 214 1906">
    <p class='ocr_par' dir='ltr' id='par_1_12' title="bbox 125 1853 214 1906">
     <span class='ocr_line' id='line_1_13' title="bbox 125 1853 214 1906; baseline -0.045 0"><span class='ocrx_word' id='word_1_64' title='bbox 125 1853 214 1906; x_wconf 73' lang='grc' dir='ltr'>12,Ι</span> 
     </span>
    </p>
   </div>
   <div class='ocr_carea' id='block_1_11' title="bbox 120 2591 176 2632">
    <p class='ocr_par' dir='ltr' id='par_1_13' title="bbox 120 2591 176 2632">
     <span class='ocr_line' id='line_1_14' title="bbox 120 2591 176 2632; baseline 0 0"><span class='ocrx_word' id='word_1_65' title='bbox 120 2591 176 2632; x_wconf 87' lang='grc'>20</span> 
     </span>
    </p>
   </div>
   <div class='ocr_carea' id='block_1_12' title="bbox 277 1045 1941 1920">
    <p class='ocr_par' dir='ltr' id='par_1_14' title="bbox 279 1045 1941 1116">
     <span class='ocr_line' id='line_1_15' title="bbox 279 1045 1941 1116; baseline -0.001 -17"><span class='ocrx_word' id='word_1_66' title='bbox 279 1046 407 1100; x_wconf 89' lang='lat' dir='ltr'>Aut</span> <span class='ocrx_word' id='word_1_67' title='bbox 430 1064 566 1100; x_wconf 90' lang='lat' dir='ltr'>cum</span> <span class='ocrx_word' id='word_1_68' title='bbox 590 1064 654 1099; x_wconf 90' lang='lat' dir='ltr'>se</span> <span class='ocrx_word' id='word_1_69' title='bbox 678 1045 945 1116; x_wconf 87' lang='lat' dir='ltr'>gravido</span> <span class='ocrx_word' id='word_1_70' title='bbox 970 1045 1334 1099; x_wconf 76' lang='lat' dir='ltr'>tremefecit</span> <span class='ocrx_word' id='word_1_71' title='bbox 1354 1063 1619 1116; x_wconf 89' lang='lat' dir='ltr'>corpore</span> <span class='ocrx_word' id='word_1_72' title='bbox 1639 1046 1876 1101; x_wconf 79' lang='lat' dir='ltr'>tellus?</span> <span class='ocrx_word' id='word_1_73' title='bbox 1901 1064 1941 1097; x_wconf 86' lang='grc' dir='ltr'>ιο</span> 
     </span>
    </p>

    <p class='ocr_par' dir='ltr' id='par_1_15' title="bbox 278 1118 1752 1188">
     <span class='ocr_line' id='line_1_16' title="bbox 278 1118 1752 1188; baseline 0.001 -16"><span class='ocrx_word' id='word_1_74' title='bbox 278 1119 412 1173; x_wconf 88' lang='lat' dir='ltr'>Iam</span> <span class='ocrx_word' id='word_1_75' title='bbox 448 1137 596 1173; x_wconf 82' lang='lat' dir='ltr'>vero</span> <span class='ocrx_word' id='word_1_76' title='bbox 635 1118 855 1172; x_wconf 88' lang='lat' dir='ltr'>variae</span> <span class='ocrx_word' id='word_1_77' title='bbox 891 1121 1210 1172; x_wconf 90' lang='lat' dir='ltr'>nocturno</span> <span class='ocrx_word' id='word_1_78' title='bbox 1249 1121 1539 1188; x_wconf 91' lang='lat' dir='ltr'>tempore</span> <span class='ocrx_word' id='word_1_79' title='bbox 1575 1119 1752 1174; x_wconf 82' lang='lat' dir='ltr'>visae</span> 
     </span>
    </p>

    <p class='ocr_par' dir='ltr' id='par_1_16' title="bbox 279 1192 1878 1336">
     <span class='ocr_line' id='line_1_17' title="bbox 279 1192 1878 1262; baseline 0.001 -17"><span class='ocrx_word' id='word_1_80' title='bbox 279 1192 638 1246; x_wconf 85' lang='lat' dir='ltr'>Terribiles</span> <span class='ocrx_word' id='word_1_81' title='bbox 689 1192 934 1245; x_wconf 86' lang='lat' dir='ltr'>formae</span> <span class='ocrx_word' id='word_1_82' title='bbox 986 1192 1231 1244; x_wconf 91' lang='lat' dir='ltr'>bellum</span> <span class='ocrx_word' id='word_1_83' title='bbox 1283 1195 1620 1262; x_wconf 91' lang='lat' dir='ltr'>motusque</span> <span class='ocrx_word' id='word_1_84' title='bbox 1668 1210 1878 1247; x_wconf 86' lang='lat' dir='ltr'>mone·</span> 
     </span>
     <span class='ocr_line' id='line_1_18' title="bbox 1553 1265 1732 1336; baseline -0.006 -17"><span class='ocrx_word' id='word_1_85' title='bbox 1553 1265 1732 1336; x_wconf 88' lang='lat' dir='ltr'>bant,</span> 
     </span>
    </p>

    <p class='ocr_par' dir='ltr' id='par_1_17' title="bbox 278 1338 1768 1408">
     <span class='ocr_line' id='line_1_19' title="bbox 278 1338 1768 1408; baseline 0 -16"><span class='ocrx_word' id='word_1_86' title='bbox 278 1339 609 1408; x_wconf 89' lang='lat' dir='ltr'>Multaque</span> <span class='ocrx_word' id='word_1_87' title='bbox 646 1356 757 1407; x_wconf 88' lang='lat' dir='ltr'>per</span> <span class='ocrx_word' id='word_1_88' title='bbox 794 1340 1006 1391; x_wconf 88' lang='lat' dir='ltr'>terras</span> <span class='ocrx_word' id='word_1_89' title='bbox 1044 1340 1228 1391; x_wconf 86' lang='lat' dir='ltr'>vates</span> <span class='ocrx_word' id='word_1_90' title='bbox 1267 1338 1486 1392; x_wconf 85' lang='lat' dir='ltr'>oracla</span> <span class='ocrx_word' id='word_1_91' title='bbox 1521 1338 1768 1392; x_wconf 87' lang='lat' dir='ltr'>furenti</span> 
     </span>
    </p>

    <p class='ocr_par' dir='ltr' id='par_1_18' title="bbox 277 1410 1877 1482">
     <span class='ocr_line' id='line_1_20' title="bbox 277 1410 1877 1482; baseline 0 -16"><span class='ocrx_word' id='word_1_92' title='bbox 277 1412 548 1466; x_wconf 87' lang='lat' dir='ltr'>Pectore</span> <span class='ocrx_word' id='word_1_93' title='bbox 591 1410 950 1464; x_wconf 85' lang='lat' dir='ltr'>fundebant</span> <span class='ocrx_word' id='word_1_94' title='bbox 995 1410 1213 1464; x_wconf 87' lang='lat' dir='ltr'>tristis</span> <span class='ocrx_word' id='word_1_95' title='bbox 1259 1411 1633 1466; x_wconf 82' lang='lat' dir='ltr'>minitantia</span> <span class='ocrx_word' id='word_1_96' title='bbox 1669 1430 1877 1482; x_wconf 71' lang='lat' dir='ltr'>casuS,</span> 
     </span>
    </p>

    <p class='ocr_par' dir='ltr' id='par_1_19' title="bbox 278 1483 1940 1613">
     <span class='ocr_line' id='line_1_21' title="bbox 278 1483 1940 1556; baseline 0 -17"><span class='ocrx_word' id='word_1_97' title='bbox 278 1485 489 1556; x_wconf 88' lang='lat' dir='ltr'>Atque</span> <span class='ocrx_word' id='word_1_98' title='bbox 540 1502 633 1554; x_wconf 87' lang='lat' dir='ltr'>ea,</span> <span class='ocrx_word' id='word_1_99' title='bbox 691 1502 849 1554; x_wconf 89' lang='lat' dir='ltr'>quae</span> <span class='ocrx_word' id='word_1_100' title='bbox 898 1484 1086 1554; x_wconf 90' lang='lat' dir='ltr'>lapsu</span> <span class='ocrx_word' id='word_1_101' title='bbox 1138 1483 1393 1537; x_wconf 88' lang='lat' dir='ltr'>tandem</span> <span class='ocrx_word' id='word_1_102' title='bbox 1442 1484 1726 1539; x_wconf 88' lang='lat' dir='ltr'>cecidere</span> <span class='ocrx_word' id='word_1_103' title='bbox 1777 1503 1877 1542; x_wconf 80' lang='lat' dir='ltr'>ve·</span> <span class='ocrx_word' id='word_1_104' title='bbox 1899 1500 1940 1534; x_wconf 87' lang='lat'>1⁵</span> 
     </span>
     <span class='ocr_line' id='line_1_22' title="bbox 1528 1561 1707 1613; baseline 0.011 -2"><span class='ocrx_word' id='word_1_105' title='bbox 1528 1561 1707 1613; x_wconf 91' lang='lat' dir='ltr'>tusto</span> 
     </span>
    </p>

    <p class='ocr_par' dir='ltr' id='par_1_20' title="bbox 278 1600 1878 1701">
     <span class='ocr_line' id='line_1_23' title="bbox 278 1600 1878 1701; baseline 0.001 -17"><span class='ocrx_word' id='word_1_106' title='bbox 278 1630 448 1686; x_wconf 92' lang='lat' dir='ltr'>Haec</span> <span class='ocrx_word' id='word_1_107' title='bbox 510 1630 649 1685; x_wconf 87' lang='lat' dir='ltr'>fore</span> <span class='ocrx_word' id='word_1_108' title='bbox 709 1630 1043 1701; x_wconf 91' lang='lat' dir='ltr'>perpetuis</span> <span class='ocrx_word' id='word_1_109' title='bbox 1105 1629 1314 1701; x_wconf 86' lang='lat' dir='ltr'>signis</span> <span class='ocrx_word' id='word_1_110' title='bbox 1375 1600 1878 1701; x_wconf 61' lang='lat' dir='ltr'>clarisque’fre·</span> 
     </span>
    </p>

    <p class='ocr_par' dir='ltr' id='par_1_21' title="bbox 278 1707 1876 1920">
     <span class='ocr_line' id='line_1_24' title="bbox 1418 1707 1730 1774; baseline 0.003 -17"><span class='ocrx_word' id='word_1_111' title='bbox 1418 1707 1730 1774; x_wconf 88' lang='lat' dir='ltr'>quentans</span> 
     </span>
     <span class='ocr_line' id='line_1_25' title="bbox 278 1776 1840 1848; baseline 0.001 -17"><span class='ocrx_word' id='word_1_112' title='bbox 278 1777 423 1848; x_wconf 89' lang='lat' dir='ltr'>Ipse</span> <span class='ocrx_word' id='word_1_113' title='bbox 462 1777 643 1831; x_wconf 89' lang='lat' dir='ltr'>deum</span> <span class='ocrx_word' id='word_1_114' title='bbox 682 1776 941 1847; x_wconf 87' lang='lat' dir='ltr'>genitor</span> <span class='ocrx_word' id='word_1_115' title='bbox 978 1776 1156 1830; x_wconf 88' lang='lat' dir='ltr'>caelo</span> <span class='ocrx_word' id='word_1_116' title='bbox 1195 1777 1518 1846; x_wconf 90' lang='lat' dir='ltr'>terrisque</span> <span class='ocrx_word' id='word_1_117' title='bbox 1555 1777 1840 1832; x_wconf 81' lang='lat' dir='ltr'>canebat.</span> 
     </span>
     <span class='ocr_line' id='line_1_26' title="bbox 278 1849 1876 1920; baseline 0 -16"><span class='ocrx_word' id='word_1_118' title='bbox 278 1851 457 1904; x_wconf 89' lang='lat' dir='ltr'>Nunc</span> <span class='ocrx_word' id='word_1_119' title='bbox 495 1869 589 1920; x_wconf 85' lang='lat' dir='ltr'>ea,</span> <span class='ocrx_word' id='word_1_120' title='bbox 627 1849 954 1919; x_wconf 85' lang='lat' dir='ltr'>Torquato</span> <span class='ocrx_word' id='word_1_121' title='bbox 987 1868 1145 1919; x_wconf 91' lang='lat' dir='ltr'>quae</span> <span class='ocrx_word' id='word_1_122' title='bbox 1177 1851 1492 1919; x_wconf 89' lang='lat' dir='ltr'>quondam</span> <span class='ocrx_word' id='word_1_123' title='bbox 1523 1853 1584 1903; x_wconf 90' lang='lat' dir='ltr'>et</span> <span class='ocrx_word' id='word_1_124' title='bbox 1614 1851 1876 1904; x_wconf 90' lang='lat' dir='ltr'>consule</span> 
     </span>
    </p>
   </div>
   <div class='ocr_carea' id='block_1_13' title="bbox 1535 1922 1731 1978">
    <p class='ocr_par' dir='ltr' id='par_1_22' title="bbox 1535 1922 1731 1978">
     <span class='ocr_line' id='line_1_27' title="bbox 1535 1922 1731 1978; baseline 0 0"><span class='ocrx_word' id='word_1_125' title='bbox 1535 1922 1731 1978; x_wconf 88' lang='lat' dir='ltr'>Cotta</span> 
     </span>
    </p>
   </div>
   <div class='ocr_carea' id='block_1_14' title="bbox 212 1973 1877 2068">
    <p class='ocr_par' dir='ltr' id='par_1_23' title="bbox 212 1973 1877 2068">
     <span class='ocr_line' id='line_1_28' title="bbox 212 1973 1877 2068; baseline 0.028 -24"><span class='ocrx_word' id='word_1_126' title='bbox 212 1973 217 1999; x_wconf 35' lang='grc' dir='ltr'>ξ’</span> <span class='ocrx_word' id='word_1_127' title='bbox 278 1997 512 2067; x_wconf 84' lang='lat' dir='ltr'>Lydius</span> <span class='ocrx_word' id='word_1_128' title='bbox 552 1996 843 2050; x_wconf 87' lang='lat' dir='ltr'>ediderat</span> <span class='ocrx_word' id='word_1_129' title='bbox 882 1995 1248 2065; x_wconf 78' lang='lat' dir='ltr'>Tyrrhenae</span> <span class='ocrx_word' id='word_1_130' title='bbox 1287 1996 1499 2067; x_wconf 55' lang='lat' dir='ltr'>genti⁸</span> <span class='ocrx_word' id='word_1_131' title='bbox 1536 1996 1877 2068; x_wconf 66' lang='lat' dir='ltr'>haruspex&#39;</span> 
     </span>
    </p>
   </div>
   <div class='ocr_carea' id='block_1_15' title="bbox 277 2069 1942 2945">
    <p class='ocr_par' dir='ltr' id='par_1_24' title="bbox 278 2069 1941 2360">
     <span class='ocr_line' id='line_1_29' title="bbox 281 2069 1941 2140; baseline -0.001 -15"><span class='ocrx_word' id='word_1_132' title='bbox 281 2071 504 2125; x_wconf 89' lang='lat' dir='ltr'>Omnia</span> <span class='ocrx_word' id='word_1_133' title='bbox 525 2070 661 2123; x_wconf 87' lang='lat' dir='ltr'>fixa</span> <span class='ocrx_word' id='word_1_134' title='bbox 683 2072 835 2123; x_wconf 89' lang='lat' dir='ltr'>tuus</span> <span class='ocrx_word' id='word_1_135' title='bbox 860 2070 1226 2140; x_wconf 89' lang='lat' dir='ltr'>glomerans</span> <span class='ocrx_word' id='word_1_136' title='bbox 1252 2069 1642 2123; x_wconf 88' lang='lat' dir='ltr'>determinat</span> <span class='ocrx_word' id='word_1_137' title='bbox 1660 2088 1877 2125; x_wconf 88' lang='lat' dir='ltr'>annus.</span> <span class='ocrx_word' id='word_1_138' title='bbox 1899 2085 1941 2118; x_wconf 75' lang='lat'>20</span> 
     </span>
     <span class='ocr_line' id='line_1_30' title="bbox 278 2141 1875 2214; baseline -0.001 -15"><span class='ocrx_word' id='word_1_139' title='bbox 278 2143 438 2198; x_wconf 89' lang='lat' dir='ltr'>Nam</span> <span class='ocrx_word' id='word_1_140' title='bbox 467 2146 654 2214; x_wconf 89' lang='lat' dir='ltr'>pater</span> <span class='ocrx_word' id='word_1_141' title='bbox 685 2143 1047 2196; x_wconf 86' lang='lat' dir='ltr'>altitonans</span> <span class='ocrx_word' id='word_1_142' title='bbox 1073 2142 1378 2195; x_wconf 90' lang='lat' dir='ltr'>stellanti</span> <span class='ocrx_word' id='word_1_143' title='bbox 1398 2141 1584 2197; x_wconf 85' lang='lat' dir='ltr'>nixus</span> <span class='ocrx_word' id='word_1_144' title='bbox 1607 2142 1875 2214; x_wconf 81' lang='lat' dir='ltr'>Olympo</span> 
     </span>
     <span class='ocr_line' id='line_1_31' title="bbox 279 2216 1877 2287; baseline -0.001 -16"><span class='ocrx_word' id='word_1_145' title='bbox 279 2217 425 2287; x_wconf 92' lang='lat' dir='ltr'>Ipse</span> <span class='ocrx_word' id='word_1_146' title='bbox 457 2235 604 2270; x_wconf 91' lang='lat' dir='ltr'>suos</span> <span class='ocrx_word' id='word_1_147' title='bbox 638 2216 952 2285; x_wconf 89' lang='lat' dir='ltr'>quondam</span> <span class='ocrx_word' id='word_1_148' title='bbox 975 2216 1256 2269; x_wconf 89' lang='lat' dir='ltr'>tumulos</span> <span class='ocrx_word' id='word_1_149' title='bbox 1281 2234 1350 2269; x_wconf 90' lang='lat' dir='ltr'>ac</span> <span class='ocrx_word' id='word_1_150' title='bbox 1371 2217 1617 2286; x_wconf 89' lang='lat' dir='ltr'>templa</span> <span class='ocrx_word' id='word_1_151' title='bbox 1637 2217 1877 2287; x_wconf 87' lang='lat' dir='ltr'>petivit</span> 
     </span>
     <span class='ocr_line' id='line_1_32' title="bbox 278 2287 1589 2373; baseline -0.002 -29"><span class='ocrx_word' id='word_1_152' title='bbox 278 2291 360 2344; x_wconf 85' lang='lat' dir='ltr'>Et</span> <span class='ocrx_word' id='word_1_153' title='bbox 398 2289 798 2373; x_wconf 83' lang='lat' dir='ltr'>Capitolinis</span> <span class='ocrx_word' id='word_1_154' title='bbox 836 2289 1067 2343; x_wconf 85' lang='lat' dir='ltr'>iniecit</span> <span class='ocrx_word' id='word_1_155' title='bbox 1106 2288 1365 2342; x_wconf 89' lang='lat' dir='ltr'>sedibus</span> <span class='ocrx_word' id='word_1_156' title='bbox 1402 2287 1589 2359; x_wconf 90' lang='lat' dir='ltr'>ignis.</span> 
     </span>
    </p>

    <p class='ocr_par' dir='ltr' id='par_1_25' title="bbox 277 2361 1941 2799">
     <span class='ocr_line' id='line_1_33' title="bbox 280 2361 1876 2433; baseline 0.001 -16"><span class='ocrx_word' id='word_1_157' title='bbox 280 2364 433 2417; x_wconf 87' lang='lat' dir='ltr'>Tum</span> <span class='ocrx_word' id='word_1_158' title='bbox 456 2363 703 2433; x_wconf 89' lang='lat' dir='ltr'>species</span> <span class='ocrx_word' id='word_1_159' title='bbox 727 2380 799 2416; x_wconf 86' lang='lat' dir='ltr'>ex</span> <span class='ocrx_word' id='word_1_160' title='bbox 822 2380 965 2416; x_wconf 91' lang='lat' dir='ltr'>aere</span> <span class='ocrx_word' id='word_1_161' title='bbox 987 2365 1171 2416; x_wconf 86' lang='lat' dir='ltr'>vetus</span> <span class='ocrx_word' id='word_1_162' title='bbox 1194 2364 1624 2431; x_wconf 88' lang='lat' dir='ltr'>venerataque</span> <span class='ocrx_word' id='word_1_163' title='bbox 1638 2361 1876 2418; x_wconf 87' lang='lat' dir='ltr'>Nattae</span> 
     </span>
     <span class='ocr_line' id='line_1_34' title="bbox 280 2435 1941 2508; baseline -0.001 -17"><span class='ocrx_word' id='word_1_164' title='bbox 280 2436 602 2506; x_wconf 85' lang='lat' dir='ltr'>Concidit,</span> <span class='ocrx_word' id='word_1_165' title='bbox 649 2436 1040 2506; x_wconf 89' lang='lat' dir='ltr'>elapsaeque</span> <span class='ocrx_word' id='word_1_166' title='bbox 1086 2437 1345 2489; x_wconf 85' lang='lat' dir='ltr'>vetusto</span> <span class='ocrx_word' id='word_1_167' title='bbox 1381 2435 1636 2489; x_wconf 91' lang='lat' dir='ltr'>numine</span> <span class='ocrx_word' id='word_1_168' title='bbox 1673 2435 1876 2508; x_wconf 85' lang='lat' dir='ltr'>leges,</span> <span class='ocrx_word' id='word_1_169' title='bbox 1899 2450 1941 2483; x_wconf 78' lang='lat'>25</span> 
     </span>
     <span class='ocr_line' id='line_1_35' title="bbox 279 2507 1876 2578; baseline 0 -15"><span class='ocrx_word' id='word_1_170' title='bbox 279 2509 363 2563; x_wconf 87' lang='lat' dir='ltr'>Et</span> <span class='ocrx_word' id='word_1_171' title='bbox 401 2510 613 2563; x_wconf 86' lang='lat' dir='ltr'>divom</span> <span class='ocrx_word' id='word_1_172' title='bbox 651 2509 997 2563; x_wconf 88' lang='lat' dir='ltr'>simulacra</span> <span class='ocrx_word' id='word_1_173' title='bbox 1033 2508 1307 2578; x_wconf 87' lang='lat' dir='ltr'>peremit</span> <span class='ocrx_word' id='word_1_174' title='bbox 1342 2507 1635 2563; x_wconf 85' lang='lat' dir='ltr'>fulminis</span> <span class='ocrx_word' id='word_1_175' title='bbox 1674 2509 1876 2563; x_wconf 90' lang='lat' dir='ltr'>ardor.</span> 
     </span>
     <span class='ocr_line' id='line_1_36' title="bbox 279 2581 1825 2652; baseline -0.001 -15"><span class='ocrx_word' id='word_1_176' title='bbox 279 2583 399 2637; x_wconf 91' lang='lat' dir='ltr'>Hic</span> <span class='ocrx_word' id='word_1_177' title='bbox 437 2582 769 2636; x_wconf 83' lang='lat' dir='ltr'>silvestris</span> <span class='ocrx_word' id='word_1_178' title='bbox 808 2584 948 2635; x_wconf 90' lang='lat' dir='ltr'>erat</span> <span class='ocrx_word' id='word_1_179' title='bbox 985 2581 1253 2635; x_wconf 83' lang='lat' dir='ltr'>Romani</span> <span class='ocrx_word' id='word_1_180' title='bbox 1287 2581 1564 2635; x_wconf 90' lang='lat' dir='ltr'>nominis</span> <span class='ocrx_word' id='word_1_181' title='bbox 1602 2582 1825 2652; x_wconf 83' lang='lat' dir='ltr'>altrix,</span> 
     </span>
     <span class='ocr_line' id='line_1_37' title="bbox 278 2653 1874 2725; baseline 0 -15"><span class='ocrx_word' id='word_1_182' title='bbox 278 2656 536 2724; x_wconf 89' lang='lat' dir='ltr'>Martia,</span> <span class='ocrx_word' id='word_1_183' title='bbox 583 2674 740 2725; x_wconf 90' lang='lat' dir='ltr'>quae</span> <span class='ocrx_word' id='word_1_184' title='bbox 785 2673 1016 2725; x_wconf 86' lang='lat' dir='ltr'>parvos</span> <span class='ocrx_word' id='word_1_185' title='bbox 1055 2653 1371 2708; x_wconf 88' lang='lat' dir='ltr'>Mavortis</span> <span class='ocrx_word' id='word_1_186' title='bbox 1410 2653 1651 2709; x_wconf 86' lang='lat' dir='ltr'>semine</span> <span class='ocrx_word' id='word_1_187' title='bbox 1686 2658 1874 2710; x_wconf 86' lang='lat' dir='ltr'>natos</span> 
     </span>
     <span class='ocr_line' id='line_1_38' title="bbox 277 2726 1665 2799; baseline -0.002 -16"><span class='ocrx_word' id='word_1_188' title='bbox 277 2728 601 2783; x_wconf 86' lang='lat' dir='ltr'>Uberibus</span> <span class='ocrx_word' id='word_1_189' title='bbox 642 2727 931 2799; x_wconf 86' lang='lat' dir='ltr'>gravidis</span> <span class='ocrx_word' id='word_1_190' title='bbox 969 2727 1164 2781; x_wconf 86' lang='lat' dir='ltr'>vitali</span> <span class='ocrx_word' id='word_1_191' title='bbox 1200 2746 1345 2780; x_wconf 93' lang='lat' dir='ltr'>rore</span> <span class='ocrx_word' id='word_1_192' title='bbox 1382 2726 1665 2798; x_wconf 83' lang='lat' dir='ltr'>rigabat3</span> 
     </span>
    </p>

    <p class='ocr_par' dir='ltr' id='par_1_26' title="bbox 279 2799 1942 2945">
     <span class='ocr_line' id='line_1_39' title="bbox 279 2799 1942 2871; baseline 0 -17"><span class='ocrx_word' id='word_1_193' title='bbox 279 2799 447 2863; x_wconf 85' lang='lat' dir='ltr'>Quae</span> <span class='ocrx_word' id='word_1_194' title='bbox 477 2804 609 2855; x_wconf 93' lang='lat' dir='ltr'>tum</span> <span class='ocrx_word' id='word_1_195' title='bbox 642 2820 777 2855; x_wconf 92' lang='lat' dir='ltr'>cum</span> <span class='ocrx_word' id='word_1_196' title='bbox 808 2800 1024 2871; x_wconf 88' lang='lat' dir='ltr'>pueris</span> <span class='ocrx_word' id='word_1_197' title='bbox 1055 2800 1389 2853; x_wconf 90' lang='lat' dir='ltr'>flammato</span> <span class='ocrx_word' id='word_1_198' title='bbox 1419 2799 1714 2853; x_wconf 87' lang='lat' dir='ltr'>fulminis</span> <span class='ocrx_word' id='word_1_199' title='bbox 1745 2800 1876 2856; x_wconf 86' lang='lat' dir='ltr'>ictu</span> <span class='ocrx_word' id='word_1_200' title='bbox 1900 2814 1942 2847; x_wconf 76' lang='lat'>80</span> 
     </span>
     <span class='ocr_line' id='line_1_40' title="bbox 279 2872 1876 2945; baseline -0.001 -17"><span class='ocrx_word' id='word_1_201' title='bbox 279 2873 577 2935; x_wconf 85' lang='lat' dir='ltr'>Concidit</span> <span class='ocrx_word' id='word_1_202' title='bbox 615 2877 807 2945; x_wconf 88' lang='lat' dir='ltr'>atque</span> <span class='ocrx_word' id='word_1_203' title='bbox 838 2874 1062 2928; x_wconf 81' lang='lat' dir='ltr'>avolsa</span> <span class='ocrx_word' id='word_1_204' title='bbox 1091 2873 1318 2942; x_wconf 90' lang='lat' dir='ltr'>pedum</span> <span class='ocrx_word' id='word_1_205' title='bbox 1348 2872 1634 2944; x_wconf 83' lang='lat' dir='ltr'>vestigia</span> <span class='ocrx_word' id='word_1_206' title='bbox 1663 2873 1876 2944; x_wconf 88' lang='lat' dir='ltr'>liquit.</span> 
     </span>
    </p>
   </div>
  </div>
 </body>
</html>
