2002 3178
685 162 813 210 CAP.
847 168 976 210 3—5.
1008 168 1034 218 5
1065 161 1789 215 5—10.255

108 284 215 357 peii
251 283 434 356 potius
474 303 637 411 ‹iuam
675 283 732 338 in
770 302 961 356 campo
1001 283 1376 338 ambulemus?
1415 286 1592 337 tecum
1626 301 1786 352 quam

107 376 229 413 311111
273 358 419 412 alio?
510 358 667 412 dibus
713 358 896 427 potius
937 376 1098 428 quam
1137 357 1435 411 Kalendis?
1503 355 1581 410 Ut
1619 356 1787 428 igitur

107 433 175 487 ad
214 432 477 504 quasdam
515 450 603 486 res
639 435 837 486 natura
873 432 978 486 loci
1008 431 1247 503 pertinet
1278 431 1497 501 aliquid,
1536 431 1603 484 ad
1635 448 1789 501 quas-

108 507 232 560 dam
270 509 455 560 autem
493 506 646 576 nihil,
685 506 763 560 sic
802 509 1073 560 astrorum
1107 505 1338 559 adfectio
1377 505 1573 574 valeat,
1613 505 1661 558 si
1691 504 1790 574 vis,

62 596 84 629 5
108 580 176 635 ad
207 580 469 651 quasdam
499 597 601 650 res,
633 580 701 634 ad
733 580 908 634 omnis
939 583 1083 634 certe
1113 598 1225 633 non
1255 578 1475 632 valebit.
1522 578 1600 631 At
1632 578 1790 647 enim,

109 654 363 726 quoniam
402 654 458 708 in
495 654 707 708 naturis
741 653 1022 708 hominum
1054 652 1518 707 dissimilitudines
1551 656 1692 722 sunt,
1730 656 1792 705 ut

110 728 246 783 alios
287 728 485 796 dulcia,
533 727 671 783 alios
710 728 1000 782 subamara
1038 727 1329 796 delectent,
1369 727 1465 780 alii
1502 726 1792 796 libidinosi,

109 802 203 857 alii
233 801 476 856 iracundi
508 805 603 856 aut
633 802 872 856 crudeles
897 805 992 855 aut
1017 801 1234 872 superbi
1259 801 1383 870 sint,
1416 800 1508 854 alii
1531 819 1565 854 a
1589 801 1790 854 talibus

107 876 256 930 vitiis
297 876 650 946 abhorreant,
688 908 760 915 —
800 876 1056 946 quoniam
1095 875 1287 947 igitur,
1332 874 1532 944 inquit,
1577 878 1791 927 tantum

47 965 87 999 ιο
108 953 307 1004 natura
343 969 389 1004 a
413 953 611 1004 natura
649 949 830 1019 distat,
870 949 1017 1034 quid·
1036 949 1233 1002 mirum
1274 952 1357 1003 est
1386 949 1487 1002 has
1521 948 1790 1002 dissimili-

107 1023 321 1078 tudines
359 1042 424 1078 ex
463 1023 833 1078 differentibus
873 1023 1049 1077 causis
1089 1041 1206 1077 esse
1243 1022 1458 1076 factas?

108 1171 395 1242 consistat,
439 1189 551 1225 non
587 1172 748 1226 videt.
819 1169 947 1224 Non
985 1171 1150 1239 enim,
1198 1171 1244 1223 si
1283 1170 1379 1224 alii
1418 1170 1486 1225 ad
1525 1171 1634 1224 alia
1671 1189 1791 1241 pro-

107 1245 384 1316 pensiores
415 1249 544 1299 sunt
573 1248 798 1316 propter
821 1263 1012 1299 causas
1035 1245 1302 1298 naturalis
1329 1247 1384 1298 et
1412 1244 1791 1314 antecedentiS,

45 1334 86 1368 ιο
109 1319 305 1374 idcirco
353 1319 518 1373 etiam
563 1322 875 1373 nostrarum
923 1319 1269 1373 voluntatum
1308 1321 1471 1388 atque
1510 1319 1792 1389 adpetitio-

107 1412 237 1447 num
268 1395 397 1448 sunt
427 1411 620 1448 causae
650 1393 930 1446 naturales
963 1396 1017 1446 et
1048 1394 1438 1446 antecedentes
1487 1391 1630 1446 Nam
1654 1392 1791 1445 nihil

109 1469 252 1521 esset
286 1467 346 1520 in
382 1471 573 1521 nostra
610 1470 901 1538 potestate,
941 1466 988 1519 si
1025 1466 1106 1520 ita
1136 1484 1193 1520 se
1224 1485 1310 1519 res
1341 1466 1582 1520 haberet.
1635 1465 1792 1520 Nunc

108 1558 235 1595 vero
272 1541 532 1611 fatemur,
571 1541 716 1595 acuti
750 1541 1056 1610 hebetesne,
1094 1541 1338 1594 valentes
1377 1540 1686 1594 inbecilline
1725 1541 1792 1593 si-

109 1632 245 1683 mus,
274 1633 384 1668 non
415 1633 532 1668 3333
562 1614 618 1667 id
647 1614 703 1668 in
734 1614 908 1668 nobiS.
959 1613 1062 1676 Qui
1095 1618 1276 1668 autem
1301 1633 1363 1667 ex
1389 1632 1450 1667 eo
1475 1615 1595 1684 cogi
1619 1618 1792 1684 putat,

44 1704 87 1737 20
109 1706 176 1742 113
229 1691 293 1742 ut
343 1688 626 1742 sedeamus
682 1688 897 1758 quidem
951 1691 1046 1741 aut
1100 1688 1438 1742 ambulemus
1492 1689 1791 1742 voluntatis

109 1767 254 1833 3333,
299 1762 348 1815 is
385 1780 496 1816 non
533 1762 701 1831 videt,
745 1780 881 1832 quae
922 1780 1189 1832 quamque
1227 1780 1342 1816 rem
1380 1780 1465 1815 res
1505 1780 1792 1832 consequa-

108 1838 213 1890 tur.
271 1834 351 1890 Ut
397 1836 541 1890 enim
580 1838 635 1889 et
671 1835 941 1907 ingeniosi
980 1839 1036 1889 ct
1074 1836 1217 1889 tardi
1255 1837 1335 1890 ita
1372 1839 1665 1890 nascantur
1703 1855 1792 1890 an-

109 1909 477 1964 tecedentibus
515 1909 692 1964 causis
730 1911 970 1994 itemque
1007 1910 1252 1964 valentes
1293 1913 1347 1963 et
1384 1910 1645 1980 inbecilli,
1682 1929 1792 1965 non

111 1983 354 2053 sequitur
399 1987 603 2054 tamen,
647 1986 710 2036 ut
758 1983 924 2037 etiam
972 1984 1155 2037 sedere
1195 2002 1286 2038 303
1327 1986 1381 2037 et
1421 1984 1698 2038 ambulare
1738 1988 1793 2038 et

44 2070 88 2105 25
110 2075 224 2110 rem
271 2074 432 2129 agere
471 2057 709 2127 aliquam
748 2057 1138 2128 principalibus
1190 2057 1364 2111 causis
1413 2057 1690 2111 definitum
1738 2062 1792 2111 et

110 2131 466 2186 constitutum
506 2130 593 2184 sit.
663 2128 982 2201 Stilponem,
1020 2131 1352 2203 Megaricum
1390 2131 1792 2203 philosophum,

111 2207 328 2259 acutum
379 2222 507 2258 sane
552 2203 827 2257 hominem
875 2207 930 2257 et
975 2205 1267 2289 probatum
1307 2206 1640 2276 temporibus
1680 2206 1791 2259 illis

111 2278 431 2349 accepimus.
490 2276 649 2331 Hunc
688 2277 931 2331 scribunt
972 2278 1144 2348 ipsius
1182 2278 1481 2332 familiares
1529 2282 1584 2332 et
1623 2279 1793 2334 ebrio-

111 2369 232 2406 sum
277 2354 334 2405 et
371 2351 719 2405 mulierosum
756 2350 947 2419 fuisse,
994 2370 1166 2422 neque
1204 2353 1338 2407 haec
1377 2353 1619 2407 scribunt
1657 2353 1793 2408 vitu-

46 2438 89 2472 80
111 2428 386 2497 perantes,
425 2425 519 2479 sed
556 2425 738 2496 potius
779 2424 847 2478 ad
885 2424 1121 2495 laudem3
1167 2426 1421 2480 vitiosam
1460 2426 1601 2480 enim
1640 2430 1793 2481 natu-

111 2516 230 2553 ram
267 2498 337 2552 ab
377 2516 441 2552 eo
481 2498 558 2552 sic
596 2499 888 2552 edomitam
921 2501 975 2551 et
1008 2517 1351 2569 conpressam
1384 2518 1501 2553 3333
1534 2500 1792 2571 doctrina,

110 2575 173 2626 ut
209 2590 367 2626 nemo
406 2590 664 2641 umquam
702 2573 1039 2625 vinulentum
1077 2572 1248 2642 illum,
1286 2591 1444 2627 nemo
1483 2573 1540 2627 in
1579 2591 1641 2627 30
1674 2574 1793 2628 libi·

112 2645 252 2701 dinis
284 2645 575 2716 vestigium
601 2645 809 2699 viderit.
863 2645 1037 2708 Quid?
1078 2644 1337 2700 Socraten
1360 2665 1538 2702 nonne
1561 2647 1791 2718 legimus

113 2736 272 2789 quem
312 2719 380 2773 ad
418 2719 637 2772 modum
674 2719 882 2772 notarit
919 2719 1160 2790 Zopyrus
1199 2720 1657 2792 physiognomon,
1702 2722 1791 2792 qui

49 2805 90 2839 ⁸5
114 2810 170 2845 se
203 2793 560 2863 profitebatur
589 2792 867 2846 hominum
899 2811 1076 2847 mores
1107 2797 1434 2865 naturasque
1467 2813 1530 2848 ex
1555 2813 1791 2866 corpore,

113 2865 300 2934 0311Ιί3,
338 2866 508 2936 vultu,
546 2865 726 2920 fronte
761 2868 1113 2937 pernoscere?
1154 2868 1429 2939 stupidum
1461 2886 1577 2922 3333
1609 2867 1790 2924 Socra·

114 2941 208 2993 ten
246 2907 382 2992 dixit
421 2942 476 2993 et
512 2939 763 3009 bardum,
811 2941 952 3010 quod
989 2939 1178 3011 iugula
1215 2961 1449 2996 concava
1485 2961 1594 2995 non
1633 2943 1783 2996 habe

216 1097 366 1152 Haec
405 1097 686 1167 disserens,
722 1116 829 1168 qua
868 1097 932 1151 de
971 1116 1029 1151 re
1069 1100 1279 1169 agatur,
1319 1100 1374 1150 et
1403 1097 1461 1149 in
1492 1115 1597 1166 quo
1629 1114 1792 1150 causa
1822 1067 1857 1171 ξ

1828 2145 1878 2183 10
