2002 3178
237 184 345 238 270
726 183 808 229 DE
839 185 994 230 FATo
1037 184 1424 232 FRAGMENTA.

226 323 356 374 pum
393 322 584 373 quoque
610 305 969 374 philosophum
1004 323 1108 358 non
1145 307 1398 374 expedisse
1431 324 1484 362 se
1517 308 1577 361 in
1611 325 1676 362 ea
1691 320 1694 326 ’
1709 309 1791 363 ait
1820 308 1902 365 his
1950 329 1954 332 ⁴

233 379 421 432 verbis:
453 377 786 449 Chrysippus
813 383 1063 432 aestuans
1087 379 1462 450 laboransque,
1494 399 1729 451 quonam
1748 387 1902 451 pacto

234 452 460 521 expliceiz
499 455 553 505 et
590 452 705 506 fato
746 453 926 506 omnia
962 452 1102 523 fieri,
1147 456 1203 506 et
1241 472 1357 507 esse
1396 454 1600 524 aliquid
1635 455 1694 508 in
1728 455 1902 527 nobie,

233 525 517 579 intricatur
554 526 657 580 hoc
695 527 868 579 modo,

343 600 393 652 2.
430 599 637 654 Servius
674 601 745 653 ad
789 600 971 668 Veryil.
1009 599 1139 653 Aen.
1177 600 1290 653 III
1317 605 1426 655 376
1461 601 1708 671 volvitque
1740 602 1899 690 vices]
1921 619 1943 653 5

232 673 457 740 definitio
502 673 607 740 fati
653 675 926 727 secundum
976 674 1225 739 Tullium,
1283 675 1372 742 qui
1415 675 1518 728 ait.-
1576 674 1802 730 Faizum
1817 679 1901 730 est

234 746 452 800 conexio
505 764 685 800 rerum
737 765 834 817 per
881 747 1259 800 aeterni’nassem
1310 766 1368 801 se
1416 747 1648 802 invicem
1695 752 1900 820 temne,

234 838 369 889 quae
407 838 504 874 suo
545 820 728 874 ordine
767 823 821 873 et,
857 821 975 890 lege
1013 821 1276 891 variabat,
1322 821 1402 875 ita
1438 824 1644 893 tamen,
1681 826 1745 877 ut
1778 823 1901 895 ipsa

232 894 466 947 varietas
505 894 704 947 habeat
742 894 1132 947 aeternitatem.

343 967 391 1021 3.
428 968 702 1035 Λαμπετίη.
740 968 800 1020 de
835 969 925 1020 civ.
962 968 1044 1020 dei
1082 968 1135 1021 V
1154 971 1192 1022 8
1226 966 1324 1022 Illi
1357 985 1551 1037 quoque
1585 986 1760 1024 versiae
1786 970 1898 1024 Ho
1922 987 1963 1021 ιο

231 1041 407 1094 merici
449 1041 566 1094 huic
601 1042 873 1094 sententiae
906 1040 1286 1112 suffrayantur‚
1330 1058 1454 1109 quos
1492 1041 1662 1096 Cicero
1697 1044 1757 1098 in
1793 1043 1899 1135 La·-

234 1116 399 1167 tinum
435 1115 610 1167 vertit:

306 1187 493 1241 Tales
526 1189 673 1241 sunt
702 1186 1023 1240 hominum
1054 1190 1319 1257 mentm,
1350 1188 1527 1258 quali
1556 1189 1779 1260 pater‘
1762 1201 1900 1261 ipse

303 1260 598 1331 Iuppiter
636 1260 988 1314 auctiferas
1027 1260 1339 1314 lustravib
1375 1261 1614 1316 lumine
1651 1265 1876 1318 terras·

232 1335 378 1403 (Vid.
415 1351 542 1402 seqq.
581 1338 628 1387 et
664 1338 821 1387 totum
858 1351 964 1402 cap.
1003 1339 1038 1388 9
1075 1336 1294 1388 eiusdem
1332 1335 1493 1404 libri.)
1921 1351 1962 1384 ιε»

341 1408 392 1462 4.
437 1408 571 1475 Any.
616 1408 677 1461 de
718 1409 807 1460 civ.
853 1409 934 1461 olei
979 1407 1032 1461 V
1058 1412 1097 1462 2
1135 1407 1305 1462 Cicero
1349 1409 1475 1462 dicit
1516 1370 1897 1477 Hippocratem,

233 1482 603 1535 nobilissimum
639 1482 899 1549 medicum,
936 1482 1180 1549 scriptum
1216 1482 1479 1549 reliquisse
1513 1483 1758 1550 quosdam
1781 1483 1897 1548 fra·

233 1560 354 1618 tre3‚
403 1571 518 1607 eum
565 1555 719 1608 simul
766 1558 1027 1622 aeyrotare
1074 1555 1348 1622 coepissent
1389 1559 1437 1608 et
1476 1572 1649 1609 eorum
1696 1556 1897 1610 morbus

232 1630 398 1682 eodem
451 1632 666 1696 tempore
716 1628 1096 1696 inyravesceret,
1148 1629 1315 1681 eodem
1361 1628 1628 1699 levaretur,
1673 1629 1899 1697 geminos

232 1702 558 1768 suspicatum.
613 1700 747 1767 Quos
777 1700 1083 1754 Posidonius
1111 1700 1312 1755 Stoicus
1347 1702 1566 1755 multum
1601 1703 1899 1771 astroloqiae
1920 1718 1962 1750 20

233 1776 428 1828 deditus
487 1775 657 1827 eadem
715 1775 1064 1828 constitutione
1113 1779 1372 1828 astrorum
1429 1779 1577 1829 natos
1635 1777 1899 1843 eademque

234 1851 485 1914 conceptos
529 1848 717 1901 solebat
759 1864 989 1901 asserere.
1062 1847 1172 1911 Ita,
1219 1849 1352 1914 quod
1392 1849 1612 1902 medicus
1644 1850 1899 1916 pertinere

234 1921 459 1974 credebat
500 1922 573 1974 ad
613 1921 933 1974 simillimam
972 1921 1255 1988 temperiem
1291 1921 1618 1986 valetudinis,
1661 1921 1752 1974 hoc
1778 1922 1889 1990 phi-

236 1994 467 2062 losophus
518 1995 799 2062 astroloyus
849 1994 921 2047 ad
968 1994 1073 2047 vim
1124 1994 1619 2062 constitutionemque
1660 1995 1894 2064 siderum,

234 2084 363 2135 quae
395 2067 581 2134 fuerat,
618 2084 714 2134 quo
753 2071 967 2133 tempore
1002 2068 1220 2135 concepti
1253 2068 1461 2135 natique
1494 2071 1628 2121 sunt.
1714 2098 1718 2100 >
1919 2083 1962 2116 ιο

209 2192 211 2194 ,
345 2139 395 2194 5.
448 2141 746 2194 Macrobius
782 2139 1046 2194 Saturnal.
1084 2140 1196 2193 ΙΙΙ
1224 2144 1306 2194 16.
1341 2144 1379 2194 3
1413 2157 1485 2208 sq.
1529 2141 1606 2194 Et
1645 2157 1708 2197 ne
1748 2141 1898 2196 vilior

234 2214 303 2267 sit
338 2215 476 2266 testis
503 2217 670 2281 poeta,
703 2214 911 2281 accipite
938 2215 1191 2267 adsertore
1219 2212 1466 2278 Cicerone,
1503 2215 1561 2266 in
1588 2231 1687 2282 quo
1715 2214 1899 2269 honore

230 2287 389 2352 fuerit
423 2286 504 2339 hic
531 2287 692 2354 piscis
727 2287 869 2353 apud
902 2286 963 2339 P.
1001 2285 1290 2353 Scipionem
1317 2286 1632 2353 Africanum
1667 2287 1816 2340 illum
1852 2291 1901 2341 et

233 2360 627 2412 Numantinum.
687 2360 833 2412 Haec
867 2363 989 2412 sunt
1022 2360 1082 2412 in
1118 2360 1316 2427 dialogo
1353 2361 1413 2413 de
1444 2360 1555 2426 fato
1585 2360 1734 2413 verba
1762 2359 1896 2414 Cice-

232 2434 402 2485 ronis:
448 2431 592 2484 Nam
638 2450 759 2485 cum
799 2435 940 2484 esset
980 2432 1120 2502 apud
1159 2450 1216 2484 se
1255 2431 1323 2485 ad
1358 2431 1680 2486 Lavernium
1718 2430 1895 2504 Scipio
1919 2447 1961 2481 ³0

233 2522 442 2573 unaque
479 2504 729 2574 Pontius,
768 2505 981 2558 adlatus
1021 2508 1104 2557 est
1140 2504 1282 2557 forte
1321 2503 1556 2589 Scipioni
1593 2524 1897 2576 acupenser,

235 2578 325 2645 qui
371 2577 658 2630 admodum
695 2595 817 2630 raro
858 2577 1088 2647 capitur,
1134 2577 1227 2630 sed
1265 2580 1348 2631 est
1383 2577 1570 2648 pisciS,
1607 2581 1669 2631 ut
1703 2578 1897 2648 ferunt,

233 2650 290 2700 in
319 2649 527 2733 primis
538 2650 751 2702 nobilis,
805 2648 941 2704 Cum
980 2653 1160 2703 autem
1184 2648 1361 2720 Scipio
1394 2669 1560 2703 unum
1591 2654 1644 2704 et
1668 2651 1896 2704 alterum

234 2739 297 2773 ex
327 2722 408 2790 iis,
441 2723 531 2790 qui
562 2741 684 2775 eum
715 2723 1010 2776 saluizabum
1033 2726 1306 2792 venerant,
1336 2723 1674 2777 invitavisset
1696 2725 1898 2793 plures·

235 2811 335 2861 que
390 2795 552 2847 etiam
604 2795 930 2848 invitaturus
976 2795 1267 2864 videretur,
1318 2795 1376 2848 in
1421 2815 1603 2854 aurem
1649 2795 1896 2849 Pontius:
1917 2811 1960 2844 85

235 2863 517 2935 Scipio'‚
547 2867 746 2937 inquit,
778 2868 966 2937 vide,
999 2868 1147 2935 quid
1179 2886 1356 2938 agas3
1395 2886 1744 2939 acupenser
1773 2861 1899 2922 iste

236 2956 577 3005 paucorum
615 2939 937 2992 hominum
977 2939 1107 2992 est?
