2002 3178
231 149 335 202 146
794 147 876 193 DE
906 147 1307 194 DIVINATIONE

227 269 408 322 decem
456 268 777 337 interpretes
824 266 1058 321 delectos
1105 285 1135 322 6
1179 267 1399 322 civitate
1438 286 1553 323 esse
1590 270 1889 324 voluerunt.

224 341 308 395 Ex
350 360 456 410 quo
495 358 689 411 genere
727 358 886 410 saepe
925 339 1258 394 hariolorum
1297 342 1461 395 etiam
1499 345 1554 396 et
1590 345 1776 397 vatum
1810 343 1891 397 fu-

175 403 183 470 1
225 414 480 467 ribundas
534 413 925 484 praed1ct10nes
935 455 949 482 ,
1001 416 1063 467 ut
1116 413 1410 468 Octaviano
1463 415 1608 470 bello
1655 414 1891 470 Cornelii

226 486 486 571 ΟΗ11116011,
509 487 796 541 audiendas
834 490 1175 557 putaverunt.
1231 485 1284 540 N
1287 506 1345 541 ec
1375 506 1500 542 vero
1533 488 1742 543 somnia
1772 507 1891 560 gra-

172 552 175 590 Ῑ
223 561 398 630 viora,
444 559 491 613 si
537 578 672 630 quae
719 560 787 613 ad
828 578 942 613 rem
979 560 1252 630 publicam
1289 561 1557 630 pertinere
1593 562 1713 616 visa
1750 565 1890 632 sunt,
1912 578 1933 611 5

160 896 192 999 etv-2
162 853 164 858 ·
156 727 164 806 ’

166 2330 190 2370 6

225 652 258 687 a
295 651 504 687 summo
543 633 768 687 consilio
812 634 1061 704 neglecta
1098 636 1238 687 sunt.
1314 632 1455 696 Quin
1492 634 1657 688 etiam
1693 653 1891 689 memo·

223 706 306 760 ria
349 710 538 761 nostra
582 707 846 776 templum
890 706 1111 760 Iunonis
1157 704 1404 777 Sospitae
1452 707 1511 761 L.
1556 707 1752 779 Iulius,
1798 707 1892 778 qui

223 798 344 834 cum
366 779 424 833 P.
447 780 653 833 Rutilio
693 780 880 833 consul
908 779 1027 848 fuit,
1066 779 1129 833 de
1161 783 1378 834 senatus
1409 781 1677 835 sententia
1705 780 1892 836 refecit

224 871 288 907 ex
327 852 602 922 Caeciliae,
639 851 895 907 Baliarici
932 853 1090 922 filiae,
1128 853 1352 907 somnio.

333 926 514 996 Atque
551 927 697 996 haec,
734 929 796 979 ut
833 944 934 998 ego
974 926 1223 996 arbitror,
1259 929 1466 980 veteres
1504 945 1684 981 rerum
1714 927 1890 998 magis
1915 944 1957 977 ιο

224 1000 429 1054 eventis
469 1000 662 1054 moniti
701 1018 861 1069 quam
899 999 1108 1053 ratione
1147 1000 1292 1054 docti
1329 1001 1708 1070 probaverunt.
1767 1000 1890 1055 Phi-

222 1073 573 1143 losophorum
617 1091 745 1127 vero
791 1073 1058 1142 exquisita
1105 1073 1365 1142 quaedam
1411 1077 1752 1144 argumenta,
1797 1093 1890 1128 cur

224 1150 367 1200 esset
410 1165 539 1200 vera
587 1146 868 1216 divinatio,
914 1147 1142 1202 collecta
1186 1149 1334 1216 sunt3
1386 1164 1415 1200 e
1461 1147 1654 1216 quibus
1662 1189 1678 1217 ,
1724 1150 1788 1201 ut
1826 1147 1890 1201 de

223 1219 630 1289 antiquissumis
677 1220 889 1289 loquar,
936 1218 1303 1290 Colophonius
1341 1219 1700 1289 Xenophanes
1737 1238 1889 1289 unus,

223 1293 315 1362 qui
359 1293 486 1346 deos
525 1310 639 1346 esse
678 1292 898 1362 diceret,
943 1292 1328 1347 divinationem
1364 1292 1606 1347 funditus
1645 1294 1954 1363 sustulit315

222 1366 416 1436 reliqui
472 1384 599 1419 vero
657 1383 841 1419 omnes
891 1369 1106 1435 praeter
1157 1366 1450 1436 Epicurum
1498 1366 1890 1421 balbutientem

223 1439 286 1492 de
323 1442 518 1493 natura
557 1439 777 1493 deorum
814 1439 1198 1493 divinationem
1235 1439 1621 1510 probaverunt,
1660 1440 1754 1494 sed
1781 1458 1889 1494 non

221 1531 326 1566 uno
378 1512 551 1566 modo.
633 1511 777 1565 Nam
826 1531 946 1566 cum
996 1510 1242 1567 Socrates
1293 1531 1583 1584 omnesque
1631 1511 1890 1568 Socratici

222 1585 468 1655 Zenoque
507 1588 562 1640 et
599 1585 655 1654 ii,
693 1585 785 1655 qui
823 1586 891 1639 ab
931 1604 992 1639 eo
1033 1589 1212 1640 essent
1241 1586 1484 1656 profecti,
1522 1590 1802 1640 manerent
1831 1587 1890 1640 in

222 1659 567 1729 antiquorum
604 1659 1052 1729 philosophorum
1091 1659 1358 1713 sententia
1394 1662 1575 1713 vetere
1597 1659 1888 1714 Academia
1909 1675 1954 1707 20

222 1736 277 1786 et
312 1732 688 1803 Peripateticis
727 1733 1201 1802 consentientibuS,
1239 1751 1464 1803 cumque
1501 1733 1627 1787 huic
1663 1733 1742 1787 rei
1777 1752 1889 1788 ma-

223 1823 386 1877 gnam
440 1805 819 1889 auctoritatem
867 1805 1208 1876 Pythagoras
1258 1805 1368 1859 iam
1417 1809 1542 1860 ante
1590 1806 1888 1876 tribuisset,

223 1880 315 1948 qui
362 1879 526 1933 etiam
570 1878 687 1949 ipse
733 1896 906 1949 augur
951 1879 1118 1932 vellet
1163 1897 1301 1948 esse,
1346 1879 1716 1950 plurumisque
1753 1881 1886 1934 locis

224 1953 405 2023 gravis
456 1955 641 2006 auctor
678 1951 1019 2005 Democritus
1064 1952 1496 2022 praesensionem
1533 1971 1711 2006 rerum
1745 1953 1888 2007 futu-

222 2044 403 2080 rarum
449 2025 827 2096 conprobaret,
875 2025 1235 2079 Dicaearchus
1272 2025 1662 2110 Peripateticus
1710 2030 1888 2081 cetera
1910 2039 1951 2072 2⁵

181 2083 567 2179 {divinationis
607 2117 804 2170 genera
841 2099 1076 2167 sustulit,
1115 2098 1446 2153 somniorum
1483 2102 1539 2153 et
1573 2099 1772 2154 furoris
1809 2118 1888 2154 re-

179 2151 396 2257 33¹liquit,
435 2171 852 2242 Cratippusque,
890 2171 1174 2225 familiaris
1212 2175 1419 2242 noster,
1459 2190 1618 2242 quem
1655 2190 1757 2244 ego
1794 2192 1886 2243 pa-

183 2264 337 2299 rem
386 2246 608 2299 summis
645 2246 1020 2315 Peripateticis
1068 2246 1265 2315 iudicO,
1313 2246 1484 2299 isdem
1529 2246 1689 2300 rebus
1726 2246 1886 2300 fidem

222 2319 435 2389 tribuit,
481 2319 689 2388 reliqua
735 2319 1079 2372 divinationis
1119 2337 1316 2390 genera
1352 2318 1550 2374 reiecit.
1624 2317 1728 2373 Sed
1765 2338 1886 2374 cum

224 2392 391 2446 Stoici
441 2392 622 2446 omnia
668 2391 780 2445 fere
824 2392 923 2446 illa
966 2392 1329 2462 defenderent,
1377 2392 1520 2462 quod
1557 2394 1612 2446 et
1650 2391 1791 2447 Zeno
1828 2393 1887 2447 in
1907 2407 1950 2440 3⁰

223 2467 333 2519 suis
373 2465 770 2520 commentariis
803 2465 957 2535 quasi
987 2466 1193 2519 semina
1222 2466 1480 2535 quaedam
1513 2466 1802 2536 sparsisset
1831 2469 1888 2520 et

223 2558 286 2593 ea
310 2538 598 2593 Cleanthes
629 2539 793 2609 paulo
823 2539 1075 2593 uberiora
1102 2539 1333 2608 fecisset,
1365 2539 1589 2593 accessit
1611 2558 1885 2594 acerrumo

221 2612 304 2666 vir
333 2612 566 2683 ingeniO,
597 2611 944 2682 ChrysippuS,
984 2611 1076 2681 qui
1104 2615 1280 2666 totam
1311 2612 1376 2667 de
1405 2612 1732 2667 divinatione
1762 2613 1887 2667 duo-

222 2685 322 2739 bus
353 2686 509 2739 libris
541 2685 829 2756 explicavit
860 2685 1198 2754 sententiam,
1235 2703 1341 2740 uno
1371 2688 1651 2770 praeterea
1677 2685 1743 2739 de
1771 2704 1886 2739 ora-

223 2759 343 2826 olis,
389 2777 495 2812 uno
535 2759 599 2812 de
638 2758 884 2828 somniis3
923 2777 1081 2828 quem
1119 2728 1476 2829 subsequens
1485 2777 1652 2812 unum
1687 2759 1884 2812 librum
1907 2772 1948 2806 3⁵

223 2800 553 2901 Babylonius
591 2831 862 2903 Diogenes
909 2831 1096 2901 edidit,
1149 2831 1262 2886 eius
1308 2832 1543 2902 auditor,
1591 2832 1695 2886 duo
1731 2830 1886 2885 Anti·

225 2908 402 2974 pater,
448 2905 680 2974 quinque
724 2908 911 2958 noster
947 2904 1281 2959 Posidonius,
1356 2903 1460 2958 Sed
1495 2923 1531 2959 a
1566 2902 1762 2958 Stoicis
1797 2905 1885 2959 vel
