2002 3178
641 168 767 215 CAP.
801 173 960 214 8—10.
1002 174 1027 223 s
1062 173 1248 216 15-21.
1680 169 1787 222 259

109 307 272 361 quam
308 289 408 343 illo
446 290 607 344 modo
646 290 808 360 mori,
845 308 942 343 nec
980 289 1156 361 magis
1195 289 1517 344 inmutabile
1556 309 1621 344 ex
1658 309 1787 345 vero

107 363 165 416 in
230 363 432 418 falsum
494 363 758 417 ‘Necatus
821 367 904 418 est
965 361 1172 434 Scipio'
1219 372 1396 434 quam
1467 363 1790 419 ‘Necabitur

107 434 330 509 Scipio'3
365 455 479 508 nec,
518 456 640 492 cum
678 438 810 492 haec
846 438 927 491 ita
965 438 1089 507 sint,
1129 441 1212 492 est
1250 457 1426 508 causa,
1466 457 1560 494 cur
1594 438 1788 509 Epicu-

105 528 198 565 rus
241 509 418 565 fatum
465 511 782 565 extimescat
827 514 883 565 et
921 512 990 566 ab
1030 512 1228 565 atomis
1266 516 1421 583 petat
1458 513 1787 584 praesidium

62 601 84 635 5
107 602 305 656 easque
355 585 419 640 de
467 585 558 640 via
603 586 831 640 deducat
874 588 930 639 et
973 604 1080 639 uno
1119 589 1364 657 tempore
1404 587 1664 658 suscipiat
1701 605 1787 640 res

107 658 240 713 duas
285 659 677 730 inenodabileS,
723 679 909 729 unam,
958 663 1019 713 ut
1065 660 1180 714 sine
1227 679 1389 715 causa
1433 662 1532 715 fiat
1571 661 1788 731 aliquid,

107 750 172 786 ex
211 751 318 804 quo
356 733 574 804 existet,
619 737 683 787 ut
721 734 785 787 de
821 734 994 788 nihilo
1035 734 1310 805 quippiam
1351 736 1471 805 fiat,
1511 736 1654 805 quod
1690 753 1788 789 nec

106 807 213 878 ipsi
243 825 342 862 nec
373 807 623 893 cuiquam
653 807 879 878 physico
909 808 1103 878 placet,
1144 810 1389 880 alteram,
1421 812 1497 879 ut,
1529 828 1651 864 cum
1684 809 1787 863 duo

106 880 384 936 individua
419 899 517 952 per
553 881 874 936 inanitatem
911 882 1178 953 ferantur,
1229 883 1462 937 alterum
1501 902 1529 938 e
1568 883 1788 956 regione

42 970 85 1004 ιο
106 958 425 1025 moveatur,
442 956 674 1010 alterum
713 955 960 1010 declinet.
1020 955 1171 1010 Licet
1210 958 1353 1010 enim
1391 957 1628 1028 Epicuro
1668 976 1788 1012 con·
1826 969 1875 1008 19

107 1028 317 1083 cedenti
362 1047 521 1083 omne
560 1030 901 1084 enuntiatum
941 1033 1036 1084 aut
1072 1049 1259 1085 verum
1299 1034 1394 1085 aut
1431 1032 1631 1085 falsum
1672 1050 1788 1086 esse

104 1120 216 1156 non
250 1103 442 1174 vereri,
479 1122 547 1157 ne
587 1104 769 1158 omnia
805 1104 922 1158 fato
960 1104 1079 1157 fieri
1121 1105 1193 1158 sit
1223 1124 1462 1175 necesse3
1504 1125 1615 1160 non
1645 1106 1787 1160 enim

107 1177 340 1231 aeternis
379 1177 555 1231 causis
592 1181 819 1232 naturae
856 1179 1178 1232 necessitate
1217 1180 1565 1234 manantibus
1600 1199 1788 1234 verum

108 1253 192 1304 est
228 1249 298 1320 id,
338 1251 481 1321 quod
518 1251 598 1305 ita
636 1251 969 1305 enuntiatur:
1010 1252 1320 1306 ‘Descendit
1354 1254 1412 1307 in
1440 1255 1787 1308 Academiam

43 1339 86 1374 ιε
111 1322 451 1395 Carneades',
495 1343 592 1380 nec
629 1329 814 1379 tamen
852 1326 966 1379 sine
1006 1327 1204 1397 causiS,
1252 1327 1345 1381 sed
1382 1327 1610 1381 interest
1647 1329 1789 1382 inter

106 1415 297 1452 causas
333 1398 564 1453 fortuito
604 1403 947 1471 antegressas
988 1404 1042 1453 et
1079 1401 1222 1454 inter
1260 1420 1449 1455 causas
1485 1402 1787 1456 cohibentis

106 1471 164 1525 ιιι
211 1490 270 1526 se
319 1473 664 1529 efficientiam
713 1475 1036 1528 naturalem.
1110 1474 1199 1528 Ita
1245 1478 1299 1529 et
1345 1494 1557 1547 semper
1600 1495 1787 1530 verum

104 1545 211 1599 fuit
250 1545 530 1601 ‘Morietur
567 1547 857 1618 Epicurus,
904 1567 1025 1602 cum
1073 1549 1176 1603 duo
1217 1552 1272 1603 et
1311 1550 1661 1621 septuaginta
1700 1569 1788 1604 an·

105 1636 204 1673 nos
250 1619 468 1689 vixerit,
515 1621 772 1675 archonte
810 1621 1147 1692 Pytharato',
1195 1641 1369 1693 neque
1408 1627 1593 1678 tamen
1632 1628 1787 1678 erant

41 1707 85 1741 ιο
108 1710 301 1747 causae
336 1692 550 1764 fatales,
568 1713 683 1748 cur
720 1695 800 1748 ita
832 1695 1109 1766 accideret,
1149 1697 1256 1766 sed,
1297 1698 1439 1767 quod
1470 1698 1549 1751 ita
1582 1699 1787 1767 cecidit,

104 1769 233 1821 serie
268 1771 417 1822 certa
454 1785 737 1822 causarum
777 1787 1041 1839 casurum,
1081 1769 1219 1824 sicut
1251 1771 1455 1841 cecidit,
1493 1772 1613 1826 fuit.
1673 1772 1787 1826 Nec
1819 1784 1873 1823 20

105 1839 167 1910 ιι,
206 1841 299 1911 qui
337 1841 523 1896 dicunt
559 1842 904 1896 inmutabilia
944 1861 1081 1914 esse,
1122 1863 1259 1914 quae
1296 1845 1481 1899 futura
1519 1846 1651 1915 sint,
1689 1865 1788 1901 nec

105 1932 264 1985 posse
309 1933 497 1970 verum
541 1916 784 1970 futurum
830 1921 1144 1971 convertere
1189 1919 1247 1972 in
1291 1918 1513 2004 falsum,
1558 1920 1662 1974 fati
1698 1939 1786 1974 ne·

106 1989 414 2043 cessitatem
453 1991 788 2060 confirmant,
828 1991 921 2044 sed
958 1992 1248 2046 verborum
1286 1993 1397 2046 vim
1431 1993 1786 2064 interpretan-

41 2074 82 2109 25
105 2064 210 2116 tur.
279 2062 360 2116 At
406 2063 498 2133 qui
547 2063 896 2118 introducunt
942 2083 1225 2119 causarum
1273 2067 1463 2120 seriem
1508 2070 1786 2138 sempiter-

105 2153 255 2207 nam,
299 2135 340 2190 ii
384 2140 621 2191 mentem
666 2137 900 2191 hominis
946 2139 1227 2194 voluntate
1274 2141 1447 2194 libera
1492 2142 1784 2212 spoliatam

105 2210 429 2264 necessitate
464 2211 568 2264 fati
607 2210 927 2265 devinciunt.

215 2280 321 2337 Sed
357 2284 490 2338 haec
520 2285 803 2351 hactenus3
842 2285 951 2338 alia
979 2286 1271 2342 videamus.
1324 2287 1611 2343 Concludit
1642 2290 1783 2344 enim
1808 2292 1871 2344 10

105 2353 440 2428 Chrysippus
487 2359 590 2413 hoc
636 2358 819 2412 modo·
867 2356 959 2411 ‘Si
1005 2363 1103 2413 est
1146 2365 1355 2415 motus
1396 2363 1530 2416 sine
1570 2382 1784 2434 causa,

40 2432 230 2484 'onon
273 2431 479 2485 omnis
525 2431 914 2502 enuntiatio,
960 2434 1124 2502 quod
1162 2432 1412 2504 ἀξίωμα
1451 2437 1783 2492 dialectici

106 2503 468 2575 appellant,
507 2508 616 2558 aut
645 2524 797 2559 vera
829 2509 939 2559 aut
970 2506 1140 2560 falsa
1171 2509 1320 2578 erit3
1359 2527 1584 2563 causas
1618 2511 1783 2565 enim

106 2576 465 2631 efficientis
505 2578 670 2648 quod
706 2597 830 2632 non
863 2579 1152 2650 habebit,
1192 2581 1254 2634 id
1285 2550 1398 2636 1iec
1428 2601 1641 2636 verum
1671 2603 1783 2639 nec

103 2649 340 2703 falsum
386 2650 533 2720 erit3
580 2652 783 2705 omnis
827 2656 1035 2707 autem
1077 2624 1443 2710 enuntiatio
1485 2660 1594 2710 aut
1632 2676 1783 2712 vera

106 2727 216 2777 aut
244 2723 416 2777 falsa
447 2727 566 2794 est3
605 2729 813 2779 motus
846 2744 998 2799 ergo
1031 2728 1165 2781 sine
1197 2748 1388 2783 causa
1417 2730 1635 2784 nullus
1669 2735 1781 2786 est.

40 2810 83 2844 8⁵
106 2795 282 2860 Quod
320 2797 374 2851 si
403 2797 498 2851 ita
529 2802 647 2868 est,
686 2800 917 2884 omnia,
957 2820 1114 2871 quae
1145 2802 1337 2872 fiunt,
1369 2803 1578 2857 causis
1611 2805 1781 2859 fiunt
1814 2817 1859 2856 21

106 2871 532 2941 antegressis;
569 2871 632 2925 id
671 2872 725 2926 si
762 2873 857 2927 ita
888 2878 1007 2944 est,
1044 2874 1183 2929 fato
1216 2877 1427 2930 omnia
1465 2877 1657 2947 fiunt3
1695 2879 1781 2932 ef-

105 2943 332 2998 ficitur
361 2944 567 3016 igitur
595 2945 732 3000 fato
764 2946 936 3017 fieri,
967 2966 1397 3019 quaecumque
1429 2949 1629 3006 fiant?
1677 2952 1781 3006 Hic

1338 3036 1424 3079 ιτ*
