2002 3178
112 1538 166 1578 60

119 2745 171 2786 61

195 124 297 178 168
767 122 848 166 DE
878 122 1284 168 mva'moNE

189 247 245 297 te
277 242 519 312 excitari3
556 261 678 297 cum
709 245 890 296 autem
921 245 1279 328 experrectus·
1292 261 1436 297 esses
1466 243 1602 298 hora
1628 244 1859 300 secunda

189 316 315 385 fere,
346 318 401 369 te
433 315 538 369 sibi
567 315 835 370 somnium
865 315 1191 369 narravisse.
1228 316 1405 370 visum
1433 317 1538 371 tibi
1567 335 1699 388 esse,
1737 337 1858 372 01110

189 390 247 443 in
282 389 416 443 locis
456 388 587 443 solis
626 392 863 442 maestus
903 407 1131 458 0110108,
1182 387 1238 444 C.
1276 389 1509 444 Marium
1546 409 1668 445 cum
1703 391 1858 446 fasci-

189 462 291 516 bus
329 462 584 515 laureatis
624 480 877 532 quaerere
917 480 981 515 ex
1017 464 1096 532 te,
1142 462 1270 532 quid
1306 463 1480 516 tristis
1519 482 1678 534 esses,
1717 483 1858 519 cum-

191 553 293 606 que
330 538 392 589 tu
429 538 484 589 te
521 535 700 605 patria
737 535 792 590 vi
829 535 1045 605 pulsum
1083 553 1199 589 esse
1238 536 1476 607 dixisseS,
1514 537 1859 608 prehendisse
1903 551 1922 586 ε

192 627 314 663 eum
367 608 610 662 dextram
662 612 814 662 tuam
868 611 923 662 et
966 609 1109 663 bono
1155 609 1333 664 animo
1379 613 1435 664 te
1479 610 1699 664 iussisse
1743 629 1860 665 esse

191 682 474 752 lictorique
518 700 779 752 proxumo
817 682 1128 751 tradidisse,
1171 685 1234 737 ut
1269 686 1325 736 te
1361 683 1420 736 in
1457 687 1861 738 monumentum

194 774 350 809 suum
402 755 706 825 deduceret,
755 757 810 808 et
860 755 1056 808 dixisse
1104 755 1162 808 in
1207 773 1269 810 eo
1315 756 1419 809 tibi
1464 757 1695 810 salutem
1730 757 1861 812 fore.

193 829 332 882 Tum
377 832 432 882 et
477 847 535 882 se
574 829 901 883 exclamasse
941 826 1230 882 Sallustius
1266 833 1455 883 narrat
1491 831 1723 885 reditum
1759 831 1863 885 tibi

193 903 420 957 celerem
473 904 528 956 et
582 902 879 973 gloriosum
931 905 1204 972 paratum,
1259 905 1314 956 et
1365 906 1420 956 te
1464 903 1642 974 ipsum
1686 905 1862 958 visum
1886 920 1927 953 10

195 976 403 1030 somnio
444 975 712 1030 delectari.
779 975 923 1029 Nam
960 975 1095 1029 illud
1137 975 1271 1029 mihi
1307 975 1414 1046 ipsi
1451 977 1696 1031 celeriter
1732 996 1863 1031 nun-

193 1050 391 1103 tiatum
430 1052 527 1118 est,
565 1052 627 1103 ut
665 1049 959 1102 audivisses
997 1049 1055 1101 in
1092 1053 1438 1104 monumento
1468 1049 1628 1104 Marii
1665 1051 1730 1105 de
1767 1053 1862 1105 tuo

194 1123 370 1177 reditu
394 1122 1002 1193 magnificentissumum
1024 1122 1161 1176 illud
1184 1126 1402 1176 senatus
1427 1124 1731 1178 consultum
1747 1142 1864 1178 esse

194 1197 398 1250 factum
442 1195 706 1249 referente
730 1198 974 1265 optumo
1022 1198 1077 1249 et
1122 1196 1438 1250 clarissumo
1477 1197 1594 1251 viro
1633 1198 1864 1268 consule,

194 1270 353 1339 idque
412 1269 849 1338 frequentissimo
903 1269 1118 1322 theatro
1171 1269 1473 1323 incredibili
1525 1271 1758 1325 clamore
1810 1274 1865 1324 et
1887 1285 1929 1319 1⁵

198 1343 391 1413 plausu
451 1342 883 1412 comprobatum,
945 1342 1140 1396 dixisse
1199 1345 1255 1396 te
1313 1343 1450 1396 nihil
1502 1343 1600 1398 illo
1653 1343 1866 1398 Atinati

199 1416 407 1470 somnio
445 1415 563 1468 fieri
599 1433 759 1485 posse
799 1415 1044 1470 divinius·

307 1488 383 1543 At
414 1489 587 1542 multa
616 1487 772 1542 falsa.
824 1487 997 1542 Immo
1031 1489 1258 1543 obscura
1285 1488 1516 1543 fortasse
1545 1490 1718 1545 nobis.
1762 1488 1866 1545 Sed

199 1563 308 1616 sint
345 1562 486 1616 falsa
526 1562 810 1631 quaedam3
849 1564 1037 1616 contra
1074 1581 1203 1615 vera
1241 1562 1368 1631 quid
1406 1563 1665 1618 dicimus?
1718 1562 1866 1627 Quae

199 1636 412 1721 quidem
456 1635 628 1689 multo
666 1636 826 1706 plura
863 1635 1158 1704 evenirent,
1205 1635 1252 1688 si
1290 1635 1358 1689 ad
1396 1636 1630 1705 quietem
1666 1636 1865 1709 integri
1889 1653 1932 1686 2⁰

197 1711 411 1763 iremus.
479 1707 636 1762 Nunc
675 1708 856 1763 onusti
895 1708 1013 1762 cibo
1054 1712 1107 1761 et
1144 1708 1268 1762 vino
1307 1710 1626 1792 perturbata
1663 1713 1718 1765 et
1747 1729 1868 1765 con-

197 1783 321 1837 fusa
358 1782 638 1836 cernimus
697 1780 849 1865 Vide,
888 1781 1015 1878 quid
1043 1779 1336 1835 Socrates
1319 1801 1377 1835 111
1398 1781 1644 1837 Platonis
1665 1783 1868 1838 Politia

200 1858 465 1926 loquatur.
527 1855 674 1909 Dicit
709 1855 871 1908 0111111.
911 1853 1089 1909 Cum
1119 1854 1586 1911 dormientibus
1619 1875 1689 1910 ea
1717 1876 1866 1928 pars

201 1929 417 1999 animi,
468 1947 624 1998 quae
675 1928 905 1982 mentis
955 1931 1018 1982 et
1065 1928 1342 1982 rationis
1389 1929 1475 1982 sit
1518 1931 1867 2001 particeps,

201 2002 768 2073 sopitalangueat,
791 2002 911 2055 illa
935 2004 1166 2071 autem,
1189 2001 1254 2054 in
1278 2021 1398 2071 qua
1419 2001 1648 2057 feritas
1679 2022 1866 2088 quae·
1889 2017 1932 2052 2⁶

202 2077 339 2130 dam
377 2075 464 2129 sit
502 2078 692 2145 atque
732 2075 1014 2146 agrestis
1053 2075 1425 2145 inmanitaS,
1479 2095 1615 2130 cum
1652 2077 1740 2131 sit
1777 2077 1868 2131 in-

202 2150 528 2203 moderato
579 2148 1032 2219 obstupefacta
1081 2151 1236 2218 potu
1282 2152 1472 2218 atque
1508 2153 1721 2221 pastu,
1770 2168 1868 2204 ex·

201 2223 447 2276 sultare
498 2240 633 2276 eam
682 2222 747 2275 in
797 2240 1011 2275 somno
1061 2221 1583 2294 inmoderateque
1620 2223 1868 2278 iactari.

200 2295 429 2365 Itaque
467 2295 613 2349 huic
653 2295 861 2349 omnia
897 2295 1038 2349 visa
1076 2295 1447 2349 obiciuntur
1483 2315 1516 2349 0
1554 2300 1761 2350 mente
1799 2316 1869 2352 00

201 2370 453 2423 ratione
507 2387 724 2438 vacua,
779 2371 846 2421 ut
899 2371 1008 2421 aut
1053 2386 1187 2422 cum
1233 2371 1435 2422 matre
1485 2387 1714 2440 corpus
1759 2370 1868 2424 mi·
1891 2384 1935 2418 ³0

204 2460 378 2496 scere
416 2441 710 2496 videatur
749 2445 857 2495 aut
895 2460 1029 2495 cum
1069 2442 1295 2511 quovis
1328 2442 1457 2496 alio
1488 2443 1588 2496 vel
1618 2443 1869 2497 homine

203 2516 303 2569 vel
358 2515 492 2584 de0,
545 2534 733 2585 saepe
787 2515 997 2583 belua,
1052 2518 1243 2584 atque
1297 2515 1490 2568 etiam
1542 2517 1870 2570 trucidare

203 2593 480 2658 aliquem
542 2592 604 2642 et
658 2589 850 2658 impie
902 2588 1229 2642 cruentari
1280 2589 1607 2658 multaque
1657 2589 1870 2644 facere

202 2662 426 2731 inpure
479 2665 668 2731 atque
721 2664 929 2715 taetre
981 2680 1117 2715 cum
1169 2661 1539 2715 temeritate
1586 2664 1647 2716 et
1689 2662 1871 2733 inpu-

207 2734 438 2788 dentia.
513 2734 598 2788 At
644 2733 749 2804 qui
795 2734 1043 2788 salubri
1092 2737 1152 2787 et
1197 2735 1522 2788 moderato
1567 2735 1743 2789 cultu
1780 2739 1934 2790 at·³⁵

205 2826 321 2877 que
368 2807 543 2861 victu
590 2807 795 2877 quieti
841 2826 904 2861 se
941 2807 1289 2860 tradiderit
1327 2826 1398 2861 ea
1433 2810 1616 2877 parte
1654 2809 1869 2879 animi,

206 2897 362 2950 quae
408 2881 640 2934 mentis
687 2884 749 2934 et
794 2880 1056 2935 consilii
1102 2883 1222 2949 est,
1269 2881 1523 2949 agitata
1560 2883 1623 2935 et
1659 2886 1872 2936 erecta
