2002 3178
409 159 414 163 ·
467 141 647 190 LIB.1.
687 141 816 189 οΔΡ.
847 146 1036 188 55—5‘1.
1067 146 1094 197 ς,
1126 146 1373 187 125—130.
1659 140 1763 193 193

86 267 215 318 sunt
250 263 394 317 enim
431 262 636 332 omnia,
685 262 780 316 sed
816 264 1062 331 tempore
1100 262 1312 315 absunt.
1382 261 1573 345 Atque
1609 263 1672 314 ut
1708 260 1764 313 in

88 337 383 392 seminibus
427 336 510 391 vis
547 336 692 390 inest
730 354 915 390 earum
953 353 1155 405 rerum,
1203 354 1341 405 quae
1378 353 1442 388 ex
1479 335 1548 388 iis
1586 335 1763 405 progi-

87 413 342 483 gnuntur,
378 409 458 465 sic
493 410 552 464 in
589 409 765 464 causis
803 409 1050 464 conditae
1089 412 1217 463 sunt
1246 427 1332 462 res
1362 408 1591 478 futurae,
1631 426 1764 478 quas

87 502 205 540 esse
256 483 470 539 futuras
523 486 620 538 aut
672 483 942 538 concitata
994 501 1147 537 mens
1201 486 1296 537 aut
1349 483 1530 536 soluta
1576 499 1763 536 somno

31 575 64 608 ⁵
87 558 267 614 cernit>
304 560 400 613 aut
435 557 578 612 ratio
618 560 714 612 aut
751 557 1059 612 coniectura
1095 557 1408 628 praesentit.
1485 555 1667 626 Atque
1705 559 1766 609 ut

87 632 152 701 ii,
206 632 299 703 qui
351 631 484 687 solis
529 635 585 685 et
629 631 789 685 lunae
836 631 1271 701 reliquorumque
1318 630 1553 684 siderum
1600 633 1767 698 ortuS,

87 705 270 760 obitus
307 708 593 776 motusque
631 709 949 776 cognorunt,
989 723 1095 775 quo
1135 705 1368 775 quidque
1405 707 1649 774 tempore
1684 721 1767 757 eo-

87 798 208 834 rum
244 779 489 834 futurum
527 779 616 848 sit,
654 780 827 832 multo
867 782 994 832 ante
1032 779 1362 848 praedicunt,
1400 777 1492 847 sic,
1532 778 1624 847 qui
1655 795 1767 831 cur-

89 871 209 907 sum
256 871 436 907 rerum
475 856 896 922 eventorumque
935 852 1374 922 consequentiam
1414 851 1767 905 diuturnitate

23 944 66 977 10
86 930 423 998 pertractata
457 929 801 995 notaverunt,
841 929 935 980 aut
973 944 1186 995 semper
1224 929 1334 996 aut,
1373 925 1419 979 si
1457 925 1513 978 id
1551 925 1768 979 difficile

89 1003 188 1070 est,
224 1000 565 1072 plerumque,
611 1000 802 1070 quodsi
840 1017 908 1053 ne
946 999 1002 1053 id
1039 999 1254 1069 quidem
1293 969 1623 1068 conceditur,
1659 1016 1770 1052 non

87 1092 383 1145 numquam
420 1077 581 1144 certe,
618 1073 746 1144 quid
784 1073 1029 1127 futurum
1060 1074 1148 1142 sit,
1186 1073 1525 1144 intellegunt.
1587 1071 1769 1142 Atque

88 1147 223 1202 haec
275 1147 490 1218 quidem
542 1150 599 1202 et
646 1147 910 1217 quaedam
955 1115 1192 1201 eiusde⁷m
1241 1147 1387 1201 modi
1434 1150 1770 1218 argumenta,

90 1239 186 1276 cur
224 1221 297 1276 sit
335 1221 612 1290 divinatio,
651 1222 915 1275 ducuntur
954 1240 987 1274 a
1024 1220 1154 1274 fato.

28 1311 68 1346 1⁵
201 1295 253 1349 A
290 1298 487 1349 natura
525 1298 707 1349 autem
747 1295 856 1348 alia
895 1294 1157 1364 quaedam
1196 1294 1336 1349 ratio
1377 1296 1475 1364 est,
1515 1312 1651 1364 quae
1683 1293 1771 1347 do·
1777 1274 1855 1379 ἐξ

91 1372 191 1439 cet,
230 1371 435 1440 quanta
473 1368 546 1422 sit
585 1368 752 1422 animi
786 1368 869 1422 vis
902 1368 1143 1422 seiuncta
1175 1388 1206 1421 a
1237 1367 1478 1438 corporis
1511 1368 1771 1436 sensibuS,

93 1442 236 1514 quod
280 1441 512 1497 maxime
558 1442 828 1514 contingit
875 1445 969 1495 aut
1015 1442 1405 1496 dormientibus
1453 1444 1548 1496 aut
1594 1445 1772 1495 mente

91 1516 370 1588 permotis.
444 1514 522 1571 Ut
575 1517 719 1570 enim
770 1516 990 1570 deorum
1039 1515 1206 1569 animi
1251 1515 1365 1569 sine
1411 1515 1580 1570 oculis
1589 1557 1604 1585 ,
1658 1516 1772 1569 sine

94 1590 338 1661 auribus,
388 1589 503 1643 sine
553 1589 742 1661 lingua
791 1589 1031 1643 sentiunt
1069 1589 1211 1642 inter
1251 1607 1330 1659 se,
1380 1589 1508 1659 quid
1548 1589 1772 1659 quisque

28 1681 72 1714 ιο
96 1663 312 1734 sentiat,
349 1661 437 1734 (ex
476 1681 581 1733 quo
621 1663 698 1732 fit,
737 1665 799 1716 ut
835 1662 1096 1732 homineS,
1136 1663 1300 1717 etiam
1338 1681 1459 1717 cum
1497 1663 1652 1717 taciti
1684 1682 1773 1733 op·

94 1741 213 1791 tent
251 1736 380 1808 quid
417 1740 513 1791 aut
549 1740 798 1806 voveant,
835 1755 945 1790 non
977 1737 1237 1807 dubitent,
1277 1736 1407 1807 quin
1438 1736 1492 1790 di
1522 1736 1659 1790 illud
1691 1755 1773 1790 ex-

94 1809 339 1883 audiant)
386 1810 463 1866 sic
509 1810 676 1865 animi
720 1810 1024 1881 hominum,
1077 1828 1197 1865 cum
1245 1813 1339 1865 aut
1378 1828 1568 1865 somno
1608 1811 1774 1864 soluti

96 1887 290 1940 vacant
335 1902 559 1956 corpore
605 1887 701 1938 aut
746 1887 926 1938 mente
968 1885 1202 1955 permoti
1239 1902 1337 1955 per
1375 1902 1432 1938 se
1470 1883 1578 1956 ipsi
1615 1883 1775 1938 liberi

94 1959 307 2014 incitati
345 1961 643 2027 moventur,
681 1961 908 2012 cernunt
942 1976 1020 2028 ea,
1060 1977 1195 2028 quae
1227 1958 1480 2029 permixti
1511 1976 1632 2013 cum
1663 1976 1774 2012 cor-

30 2050 73 2084 ιο
94 2051 226 2105 pore
265 2032 433 2086 animi
469 2032 649 2086 videre
687 2050 796 2085 non
834 2035 1077 2102 possunt.
1145 2031 1327 2102 Atque
1365 2032 1505 2086 hanc
1545 2031 1760 2102 quidem
1780 2039 1862 2081 130

95 2107 364 2161 rationem
400 2108 626 2159 naturae
666 2104 883 2159 difficile
921 2108 1005 2159 est
1041 2105 1274 2160 fortasse
1312 2105 1591 2160 traducere
1623 2105 1691 2159 ad
1722 2106 1777 2159 id

97 2197 268 2253 genus
313 2179 685 2249 divinationiS,
731 2179 875 2249 quod
920 2197 984 2232 ex
1030 2182 1148 2233 arte
1194 2179 1496 2250 profectum
1536 2178 1776 2248 dicimus,

99 2253 193 2308 sed
229 2256 414 2308 tamen
450 2252 505 2306 id
545 2270 756 2323 quoque
794 2253 1044 2322 rimatur,
1087 2256 1348 2324 quantum
1385 2256 1590 2324 potest,
1627 2253 1774 2307 Posi·

98 2327 304 2382 doniuS.
379 2326 516 2380 Esse
553 2328 736 2381 censet
772 2326 830 2379 in
865 2329 1063 2381 natura
1100 2326 1259 2398 signa
1297 2327 1559 2397 quaedam
1597 2345 1776 2381 rerum

33 2418 77 2451 so
97 2401 417 2456 futurarum.
493 2399 712 2454 Etenim
750 2398 888 2454 Ceos
927 2400 1229 2471 accepimus
1270 2403 1450 2454 ortum
1488 2398 1776 2455 Caniculae

100 2475 389 2546 diligenter
426 2473 716 2545 quotannis
749 2474 922 2527 solere
953 2492 1168 2528 servare
1199 2475 1667 2544 coniecturamque
1695 2493 1776 2528 ca·

100 2566 240 2620 pere,
278 2551 340 2602 ut
376 2548 568 2603 scribit
597 2547 852 2602 Ponticus
875 2546 1206 2618 Heraclides,
1245 2547 1547 2601 salubrisne
1587 2566 1656 2602 an
1689 2566 1775 2619 pe·

101 2621 290 2676 stilens
329 2639 502 2676 annus
539 2621 753 2675 futurus
794 2621 880 2675 sit.
954 2620 1098 2675 Nam
1138 2621 1184 2675 si
1224 2621 1503 2675 obscurior
1539 2625 1587 2675 et
1623 2621 1777 2692 quasi

101 2695 400 2767 caliginosa
444 2695 606 2750 stella
651 2695 913 2764 extiterit,
959 2695 1160 2767 pingue
1207 2698 1261 2749 et
1307 2697 1616 2749 concretum
1661 2713 1777 2748 esse

36 2783 80 2818 ⁸⁶
102 2770 332 2839 caelum,
375 2771 439 2823 ut
481 2769 595 2823 eius
644 2768 939 2839 adspiratio
980 2769 1163 2839 gravis
1203 2772 1257 2822 et
1296 2769 1555 2839 pestilens
1595 2767 1778 2822 futura

102 2841 198 2912 sit3
236 2841 322 2896 sin
357 2841 603 2896 inlustris
643 2846 698 2896 et
736 2841 1010 2912 perlucida
1048 2843 1209 2895 stella
1248 2841 1574 2912 apparuerit,
1615 2842 1775 2914 signi·

101 2915 253 2970 ficari
297 2916 505 2971 caelum
551 2934 667 2970 esse
715 2919 875 2968 tenue
921 2934 1220 2985 purumque
1268 2920 1322 2969 et
1373 2919 1659 2986 propterea
1699 2933 1774 2968 sa-

190 3008 430 3045 010.1v.2
1368 3007 1420 3045 13
