2002 3178
227 167 335 220 240
796 164 877 209 DE
908 164 1309 211 DIVINATIONE

228 289 387 354 atque
440 285 585 338 victu
638 285 905 354 proficisci
958 285 1026 338 ad
1079 284 1448 338 dormiendum
1498 284 1708 354 iubent3
1761 283 1891 338 faba

227 359 439 427 quidem
483 358 815 429 Pythagorei
866 359 1052 428 utique
1106 358 1398 427 abstinere,
1452 358 1606 428 quasi
1653 374 1781 412 vero
1826 375 1891 411 eo

225 432 342 485 cibo
383 450 548 500 1110118,
584 450 693 485 11011
730 435 918 485 venter
955 432 1184 485 infletur.
1245 429 1348 484 Sed
1384 431 1562 486 nescio
1595 449 1700 501 quo
1731 431 1891 485 modo

225 504 360 556 nihil
406 507 521 557 tam
567 505 795 559 absurde
843 505 946 558 dici
990 507 1194 575 potest,
1244 504 1389 574 quod
1428 522 1539 558 non
1577 504 1785 558 dicatur
1821 504 1891 558 ab

146 591 223 629 120
249 578 429 646 aliquo
476 577 936 661 philosophorum.
1011 578 1209 632 Utrum
1254 578 1423 661 igitur
1461 595 1736 632 censemus
1774 577 1892 631 dor·
1934 593 1955 626 8

225 651 503 704 mientium
543 651 749 704 animos
787 670 885 721 per
922 670 1046 705 sene
1075 651 1224 721 ipsos
1254 651 1311 704 in
1342 651 1658 706 somniando
1687 651 1891 705 moveri

225 743 309 793 an,
338 727 399 776 ut
422 724 762 778 Democritus
794 728 989 795 censet,
1020 728 1242 778 externa
1271 728 1328 779 et
1357 724 1658 779 adventicia
1685 724 1893 778 visione

223 798 464 867 pulsari?
518 795 640 851 Sive
681 799 822 851 enim
862 799 938 852 sic
976 802 1060 851 est
1089 798 1201 852 sive
1230 798 1328 852 illo
1360 798 1537 868 modo,
1572 797 1743 852 videri
1770 815 1892 868 pos·

226 874 350 923 sunt
386 871 658 940 permulta
695 872 1087 926 somniantibus
1127 871 1268 925 falsa
1303 890 1402 941 pro
1440 871 1595 925 veriS.
1655 869 1799 925 Nam
1837 873 1893 924 et

223 944 604 1014 navigantibus
643 946 848 998 moveri
884 946 1135 999 videntur
1173 963 1257 1014 ea,
1297 962 1432 1014 quae
1470 947 1634 1013 stant,
1671 947 1727 998 et
1765 962 1890 1013 quo·
1915 961 1957 993 10

225 1018 348 1070 dam
396 1018 590 1071 obtutu
638 1019 914 1072 oculorum
962 1019 1065 1072 duo
1103 1037 1202 1088 pro
1241 1036 1348 1071 uno
1387 1018 1635 1072 lucernae
1673 1017 1891 1071 lumina.>

224 1089 362 1152 Quid
415 1091 614 1158 dicam,
661 1092 887 1160 insaniS,
941 1092 1068 1161 quid
1118 1091 1278 1144 ebriis
1329 1109 1491 1160 quam
1535 1091 1709 1144 multa
1751 1090 1893 1144 falsa

223 1164 539 1217 videantur?
595 1163 795 1226 Quodsi
825 1166 937 1218 eius
970 1165 1115 1218 modi
1145 1165 1276 1218 visis
1307 1164 1625 1218 credendum
1654 1181 1764 1217 non
1795 1167 1892 1232 est,

224 1255 317 1290 cur
364 1237 586 1290 somniis
625 1239 893 1307 credatur,
937 1238 1132 1292 nescio.
1207 1236 1350 1291 Nam
1387 1241 1501 1291 tam
1541 1237 1667 1291 licet
1705 1236 1768 1290 de
1806 1237 1891 1290 his

225 1310 510 1379 erroribus,
549 1310 595 1364 si
632 1311 781 1380 veliS,
821 1330 982 1395 quam
1021 1311 1084 1364 de
1125 1311 1347 1364 somniis
1387 1311 1675 1380 disputare,
1712 1312 1776 1363 ut
1812 1327 1890 1392 ea,
1916 1326 1956 1358 15

227 1402 360 1452 quae
401 1387 571 1453 stant,
607 1385 655 1437 si
691 1385 894 1438 moveri
932 1385 1235 1453 videantur,
1271 1387 1446 1437 terrae
1485 1386 1691 1437 motum
1730 1383 1892 1453 signi·

226 1457 383 1510 ficare
431 1457 575 1510 dicas
623 1461 717 1510 aut
764 1458 1100 1527 repentinam
1147 1458 1384 1526 aliquam
1421 1456 1632 1527 fugam,
1676 1457 1890 1527 gemino

227 1533 406 1582 autem
456 1531 703 1584 lucernae
749 1531 949 1584 lumine
997 1530 1255 1584 declarari
1293 1530 1677 1583 dissensionem
1715 1547 1778 1583 ac
1814 1546 1891 1582 se-

138 1578 275 1686 ξ291
248 1603 506 1656 ditionem
547 1604 810 1671 [moveri]
884 1604 1001 1657 Iam
1041 1622 1103 1657 ex
1141 1605 1453 1657 insanorum
1491 1605 1586 1656 aut
1623 1602 1890 1656 ebriorum

226 1676 355 1730 visis
394 1676 807 1730 innumerabilia
845 1678 1150 1732 coniectura
1187 1677 1334 1729 trahi
1364 1678 1605 1746 possunt,
1645 1693 1780 1745 quae
1809 1675 1889 1728 fu·
1913 1691 1956 1724 2⁰

225 1752 348 1802 tura
392 1749 808 1803 videantur...
878 1750 1007 1812 Quis
1055 1754 1137 1803 est
1183 1750 1345 1818 enim,
1393 1749 1484 1818 qui
1528 1752 1704 1802 totum
1750 1748 1888 1801 diem

224 1822 464 1878 iaculans
500 1841 609 1875 non
649 1824 936 1892 aliquando
976 1823 1266 1877 conliniet?
1326 1822 1493 1875 Totas
1529 1824 1715 1875 noctes
1753 1839 1889 1875 som·

224 1896 456 1964 niamuS,
501 1913 672 1964 neque
710 1897 822 1949 ulla
861 1900 944 1949 est
979 1896 1113 1965 fere,
1160 1914 1266 1965 qua
1301 1913 1411 1948 11011
1448 1895 1797 1963 dormiamus,
1835 1898 1890 1947 et

226 1970 484 2021 miramur
529 1969 815 2038 aliquando
861 1969 937 2038 id,
992 1969 1132 2038 quod
1179 1967 1578 2036 somniarimus,
1629 1967 1888 2022 evadere?

227 2041 364 2103 Quid
410 2045 492 2094 est
529 2045 644 2095 tam
681 2043 944 2096 incertum
984 2061 1145 2111 quam
1182 2042 1417 2095 talorum
1454 2041 1661 2095 iactus?
1707 2043 1889 2094 tamen
1912 2055 1954 2088 25

224 2133 382 2168 nemo
408 2118 504 2184 est,
530 2115 658 2184 quin
681 2134 838 2185 saepe
861 2116 1067 2169 iactans
1089 2114 1380 2168 Venerium
1401 2114 1565 2167 iaciat
1587 2113 1889 2183 aliquandO,

224 2206 332 2241 non
369 2206 662 2258 numquam
701 2189 863 2242 etiam
901 2190 1096 2242 iterum
1135 2207 1197 2242 ac
1234 2188 1468 2240 tertium.
1527 2185 1674 2240 Num
1706 2186 1888 2257 igitur,

225 2264 287 2313 ut
316 2261 501 2330 inepti,
538 2261 764 2315 Veneris
795 2262 850 2315 id
880 2262 1097 2332 inpulsu
1126 2261 1243 2315 fieri
1273 2261 1540 2314 malumus
1572 2277 1733 2329 quam
1763 2277 1889 2313 casu

228 2334 434 2387 dicere?
489 2333 689 2396 Quodsi
727 2335 916 2388 ceteris
954 2334 1286 2403 temporibus
1323 2332 1478 2386 falsis
1514 2332 1645 2386 visis
1679 2333 1888 2386 creden·

229 2407 354 2460 dum
396 2425 506 2461 non
551 2411 654 2477 est,
699 2426 808 2461 non
844 2408 998 2461 video
1007 2449 1022 2476 ,
1068 2407 1196 2476 quid
1231 2405 1504 2476 praecipui
1541 2422 1760 2459 somnus
1796 2405 1887 2459 ha-
1909 2419 1952 2452 30

146 2490 224 2529 122
249 2480 391 2549 beat,
426 2480 483 2533 in
522 2498 627 2549 quo
665 2481 882 2534 valeant
918 2480 1059 2533 falsa
1096 2498 1194 2549 pro
1231 2479 1388 2533 veris.
1447 2477 1647 2540 Quodsi
1681 2477 1764 2532 ita
1796 2497 1887 2531 na·

227 2556 351 2605 tura
393 2556 644 2622 paratum
690 2556 853 2621 esset,
898 2556 960 2606 ut
1004 2571 1067 2606 ea
1105 2552 1427 2605 dormientes
1465 2553 1706 2622 agerent,
1751 2568 1887 2620 quae

230 2626 572 2700 somniarent,
603 2595 863 2696 alligandi
895 2643 1077 2680 omnes
1109 2628 1301 2692 essent,
1332 2624 1422 2693 qui
1452 2624 1692 2678 cubitum
1720 2623 1886 2692 isent3

229 2696 457 2750 maiores
500 2698 640 2751 enim
681 2717 841 2767 quam
879 2698 978 2751 ulli
1015 2698 1190 2751 insani
1229 2697 1498 2750 efficerent
1534 2700 1711 2750 motus
1749 2714 1887 2750 som·

229 2770 453 2823 uiantes,
507 2769 752 2832 Quodsi
738 2790 1048 2825 insanorum
1077 2771 1205 2824 visis
1236 2770 1368 2823 fides
1389 2787 1499 2822 non
1522 2772 1606 2822 est
1626 2769 1886 2837 habenda,
1907 2781 1949 2815 8⁵

230 2842 355 2910 quia
390 2842 532 2895 falsa
569 2847 709 2912 sunt,
748 2862 839 2898 cur
876 2844 1121 2897 credatur
1159 2842 1540 2896 somniantium
1569 2841 1714 2910 visis,
1751 2858 1886 2910 quae

231 2915 399 2966 multo
455 2915 618 2967 etiam
673 2917 1069 2983 perturbatiora
1121 2918 1269 2982 sunt,
1321 2933 1431 2968 non
1483 2914 1765 2982 intelleg03
1815 2931 1883 2966 an
