2002 3178
202 146 310 198 250
778 145 871 188 DEv
889 144 1290 190 DIVINATIONE

203 270 363 336 atque
401 266 677 320 hominum
714 264 1125 318 inbecillitatem
1164 264 1458 335 occupavit.
1531 264 1684 328 Quod
1720 269 1777 320 et
1813 266 1869 320 in

202 341 267 393 iis
314 340 468 393 libris
507 339 708 392 dictum
747 341 850 407 est,
898 337 989 407 qui
1027 340 1153 392 sunt
1191 338 1256 391 de
1293 341 1490 392 natura
1526 339 1768 410 deorum,
1813 344 1869 394 et

203 415 304 467 hac
343 413 706 483 disputatione
737 412 791 464 id
823 429 1069 465 maxume
1101 411 1323 480 egimus,
1375 410 1610 466 Multum
1641 413 1783 467 enim
1814 416 1869 466 et

202 487 472 541 nobismet
509 486 642 556 ipsis
682 487 736 538 et
771 485 974 538 nostris
1004 484 1275 555 profuturi
1305 484 1632 555 videbamur,
1671 486 1718 540 si
1749 504 1869 541 eam

203 561 442 614 funditus
481 559 900 613 sustulissemus
966 558 1080 612 Nec
1116 576 1244 612 vero
1283 556 1362 629 (id
1400 555 1542 612 enim
1581 559 1868 631 diligenter
1913 576 1934 608 5

203 633 449 705 intellegi
493 631 643 704 volo)
690 631 1071 703 superstitione
1117 631 1360 686 tollenda
1403 632 1596 704 religio
1640 632 1868 687 tollitur.

202 707 345 760 Nam
383 710 438 759 et
475 705 739 760 maiorum
776 705 1030 758 instituta
1059 705 1200 758 tueri
1231 705 1397 759 sacris
1429 705 1869 777 caerimoniisque

203 780 494 834 retinendis
533 779 792 850 sapientis
832 782 936 849 est,
981 781 1036 832 et
1074 796 1191 832 esse
1228 782 1594 849 praestantem
1631 779 1868 850 aliquam

204 858 579 923 aeternamque
617 855 890 922 naturam,
929 855 984 905 et
1020 870 1138 905 eam
1176 852 1568 922 suspiciendam
1607 853 1869 907 admiran-

204 929 431 997 damque
453 927 731 980 hominum
756 926 940 997 generi
960 926 1302 995 pulchritudo
1326 926 1510 979 mundi
1533 926 1769 997 ordoque
1791 945 1869 980 re·
1893 942 1935 974 10

123 1014 200 1053 149
218 1021 337 1054 rum
361 1000 670 1054 caelestium
695 999 842 1070 cogit
865 999 1120 1053 confiteri.
1160 997 1331 1060 Quam
1356 1000 1424 1052 ob
1448 1017 1576 1069 rem,
1597 1003 1660 1052 ut
1675 999 1867 1071 religio

203 1073 553 1145 propaganda
591 1073 754 1126 etiam
786 1076 882 1141 est,
920 1090 1055 1141 quae
1087 1075 1170 1125 est
1198 1072 1382 1125 iuncta
1411 1090 1531 1126 cum
1563 1073 1869 1142 cognitione

202 1152 441 1216 naturae,
481 1147 557 1200 sic
584 1139 981 1216 superstitionis
1013 1145 1208 1215 stirpes
1241 1163 1424 1198 omnes
1457 1145 1748 1217 eligendae.
1785 1145 1869 1199 In·

205 1225 317 1274 stat
347 1221 488 1274 enim
516 1223 570 1273 et
593 1223 751 1290 urget
775 1222 843 1288 et,
876 1237 980 1288 quo
1004 1222 1059 1272 te
1085 1237 1308 1288 cumque
1331 1219 1571 1289 verteriS,
1601 1219 1869 1290 persequi·

204 1298 307 1364 tur,
339 1294 450 1347 sive
473 1297 534 1346 tu
557 1296 737 1347 vatem
762 1293 874 1346 sive
898 1295 959 1344 tu
983 1310 1141 1345 omen
1165 1292 1410 1362 audieriS,
1434 1292 1546 1346 sive
1569 1293 1867 1346 immolaris
1893 1308 1933 1341 15

205 1369 315 1421 sive
337 1386 491 1421 avem
509 1366 792 1451 aspexeriS,
818 1365 864 1419 si
879 1364 1224 1435 Chaldaeum,
1241 1366 1287 1418 si
1302 1365 1641 1436 haruspicem
1656 1366 1870 1436 videriS,

205 1441 251 1495 si
288 1441 516 1510 fulserit,
556 1440 602 1493 si
639 1439 891 1507 tonuerit,
928 1440 976 1492 si
1009 1442 1215 1492 tactum
1245 1438 1445 1508 aliquid
1477 1439 1581 1492 erit
1611 1439 1675 1493 de
1706 1439 1869 1509 caelo,

206 1515 252 1568 si
298 1513 499 1568 ostenti
546 1513 720 1566 simile
764 1515 952 1565 natum
989 1512 1259 1565 factumve
1299 1512 1598 1582 quippiam3
1643 1530 1869 1582 quorum

204 1606 420 1642 necesse
466 1589 549 1640 est
593 1587 906 1656 plerumque
953 1585 1156 1654 aliquid
1202 1585 1433 1653 eveniat,
1478 1588 1541 1638 ut
1575 1603 1869 1655 numquam

124 1673 203 1714 150
227 1662 387 1715 liceat
439 1660 622 1731 quieta
674 1662 852 1712 mente
906 1659 1210 1712 consistere.
1291 1657 1605 1730 Perfugium
1658 1658 1870 1712 videtur
1892 1673 1936 1706 2⁰

206 1734 442 1788 omnium
488 1734 734 1787 laborum
780 1735 835 1785 et
873 1732 1291 1785 sollicitudinum
1331 1749 1448 1785 esse
1485 1750 1718 1786 somnus.
1793 1731 1870 1785 At

205 1827 268 1861 ex
314 1826 376 1861 eo
421 1807 563 1890 ipso
587 1807 868 1877 plurumae
905 1823 1062 1859 curae
1100 1808 1379 1874 metusque
1416 1808 1732 1889 nascuntur3
1778 1804 1870 1874 qui

206 1881 419 1950 quidem
462 1880 567 1950 ipsi
611 1897 708 1949 per
746 1897 803 1931 se
840 1878 1015 1931 minus
1052 1879 1296 1931 valerent
1333 1880 1389 1931 et
1425 1879 1600 1949 magis
1637 1880 1869 1932 contem-

204 1957 470 2023 nerentur,
506 1953 613 2005 nisi
650 1951 981 2005 somniorum
1017 1951 1375 2022 patrocinium
1412 1950 1724 2035 philosophi
1758 1967 1868 2004 sus-

206 2028 493 2111 cepissent,
537 2044 635 2080 nec
682 2025 721 2078 ii
768 2025 979 2094 quidem
1026 2024 1496 2095 contemptissimi,
1542 2024 1634 2078 sed
1670 2024 1728 2077 in
1764 2023 1868 2094 pri·
1890 2036 1934 2070 25

206 2101 307 2153 mis
361 2099 504 2153 acuti
557 2102 612 2152 et
664 2098 1044 2168 consequentia
1095 2101 1150 2150 et
1201 2097 1562 2169 repugnantia
1612 2096 1868 2166 videnteS,

207 2174 297 2243 qui
335 2191 502 2243 prope
538 2172 647 2225 iam
687 2172 922 2225 absoluti
960 2174 1015 2225 et
1051 2170 1276 2241 perfecti
1305 2173 1583 2254 putantur:
1632 2168 1869 2233 Quorum

206 2247 453 2300 licentiae
490 2246 596 2298 nisi
634 2244 933 2298 Carneades
971 2244 1284 2313 restitisset,
1328 2243 1472 2297 haud
1511 2243 1620 2297 scio
1658 2261 1729 2297 an
1764 2241 1869 2296 soli

205 2321 314 2373 iam
358 2318 635 2389 philosphi
679 2318 1054 2372 iudicarentur.
1123 2316 1258 2370 Cum
1305 2316 1496 2386 quibus
1542 2315 1716 2369 omnis
1755 2313 1868 2368 fere

205 2393 361 2446 nobis
401 2391 719 2460 disceptatio
758 2390 1136 2460 contentioque
1173 2392 1271 2459 est,
1307 2407 1418 2443 non
1456 2389 1598 2459 quod
1635 2406 1726 2443 eos
1760 2407 1868 2442 ma·
1891 2403 1935 2436 ³0

206 2484 362 2518 xume
393 2468 812 2533 contemnamus,
850 2464 942 2516 sed
974 2463 1115 2533 quod
1144 2462 1392 2516 videntur
1420 2461 1726 2516 acutissime
1757 2479 1869 2515 sen-

206 2539 403 2591 tentias
443 2556 566 2592 suas
605 2537 1120 2607 prudentissimeque
1158 2535 1449 2589 defendere.
1517 2533 1653 2589 Cum
1690 2537 1868 2588 autem

206 2611 482 2681 proprium
522 2611 593 2663 sit
623 2610 949 2664 Academiae
1003 2609 1254 2662 iudicium
1286 2626 1441 2661 suum
1470 2608 1678 2661 nullum
1709 2607 1869 2660 inter-

207 2702 425 2753 ponere,
479 2701 542 2736 ea
593 2683 846 2753 probare,
900 2701 1035 2766 quae
1087 2681 1366 2735 simillima
1416 2681 1530 2734 veri
1574 2680 1870 2750 videantur,

209 2756 448 2810 conferre
494 2774 681 2809 causas
722 2759 796 2824 et,
844 2755 972 2824 quid
1008 2756 1066 2808 in
1103 2772 1368 2826 quamque
1406 2753 1728 2807 sententiam
1766 2752 1871 2806 dici
1891 2767 1934 2800 ³⁵

207 2828 394 2898 possit,
434 2846 756 2898 expromere,
793 2829 943 2882 nulla
981 2827 1223 2881 adhibita
1260 2844 1359 2880 sua
1388 2825 1708 2880 auctoritate
1738 2824 1870 2878 iudi·

210 2900 349 2955 cium
386 2900 715 2955 audientium
754 2901 1053 2969 relinquere
1090 2901 1361 2970 integrum
1401 2917 1462 2953 ac
1501 2899 1751 2967 liberum,
1795 2901 1868 2952 te-
