2002 3178
117 797 171 837 23

125 2018 191 2070 14

209 158 312 210 154
786 156 866 200 DE
897 156 1296 203 DIVINATIONE

275 276 358 329 Te
397 276 616 345 patria
652 276 716 328 in
754 276 960 329 media
997 276 1308 329 virtutum
1346 277 1510 331 mole
1547 277 1808 332 locavit.

275 349 364 401 Tu
401 353 613 401 tamen
653 349 976 402 anxiferas
1009 367 1192 403 curas
1224 351 1515 419 requiete
1545 351 1867 420 relaxans,

276 421 449 483 Quod
493 422 745 491 patriae
790 425 1000 491 vacat,
1045 422 1108 475 id
1147 423 1380 475 studiis
1417 423 1733 494 nobisque
1772 442 1866 477 sa-

1506 496 1720 551 erasti

203 567 283 621 Tu
320 568 492 638 igitur
529 568 768 621 animum
806 569 1011 638 poteris
1047 568 1296 622 inducere
1334 571 1522 623 contra
1551 588 1629 640 ea,
1667 585 1804 640 quae
1835 589 1868 624 a

205 659 288 693 me
327 640 672 710 disputantur
708 642 773 694 de
811 642 1155 711 divinatione,
1193 642 1381 712 dicere,
1420 643 1512 712 qui
1549 646 1609 696 et·
1634 643 1868 714 gesseris
1912 659 1932 693 5

204 733 286 783 ea,
334 731 470 783 quae
510 714 748 785 gessisti,
789 717 843 767 et
881 733 966 783 ea,
1005 733 1142 784 quae
1178 715 1546 785 pronuntiavi,
1584 716 1870 772 accuratis-

204 805 351 840 sume
390 787 704 858 scripseris‘?
773 786 946 849 Quid?
987 787 1214 858 quaeriS,
1253 786 1571 858 Carneades,
1608 807 1702 843 cur
1737 788 1870 844 haec

202 861 280 913 ita
323 861 457 913 fiant
501 864 596 913 aut
642 878 748 930 qua
785 864 899 914 arte
937 861 1169 931 perspici
1206 861 1454 930 possint?
1527 860 1748 916 Nescire
1783 880 1870 916 me

202 933 391 1003 fateor,
430 934 640 987 evenire
680 937 859 987 autem
896 937 951 987 te
988 934 1166 1004 ipsum
1198 935 1315 989 dico
1346 934 1539 990 videre.
1599 934 1756 1006 Casu,
1792 935 1870 989 in·

205 1008 339 1076 quie.
399 1006 553 1060 Itane
592 1008 754 1061 vero?
795 1007 1081 1077 quicquam
1117 1011 1300 1078 potest
1336 1026 1463 1062 casu
1502 1026 1618 1062 esse
1646 1008 1867 1079 factum,
1893 1026 1934 1058 10

206 1080 347 1150 quod
385 1099 568 1134 omnes
606 1081 775 1134 habet
809 1081 867 1134 in
905 1099 961 1134 se
989 1099 1240 1134 numeros
1270 1081 1552 1136 veritatis?
1603 1080 1870 1145 Quattuor

203 1154 304 1207 tali
340 1154 470 1207 iacti
501 1172 628 1208 casu
658 1153 949 1207 Venerium
987 1154 1252 1225 efficiunt3
1287 1173 1418 1208 num
1456 1155 1620 1209 etiam
1657 1159 1870 1209 centum

203 1227 486 1296 Venerios„
526 1228 573 1280 si
611 1227 1030 1298 quadringentos
1067 1228 1210 1282 talos
1247 1228 1457 1298 ieceris,
1496 1246 1624 1283 casu
1658 1228 1869 1283 futuros

204 1301 400 1371 putas?
453 1301 694 1370 Aspersa
730 1303 930 1354 temere
967 1301 1247 1372 pigmenta
1274 1301 1330 1354 in
1360 1301 1551 1355 tabula
1580 1302 1689 1356 oris
1719 1301 1871 1355 linia-

205 1377 387 1428 menta
425 1374 634 1428 efficere
670 1376 921 1444 possunt3
957 1392 1087 1427 num
1125 1374 1289 1428 etiam
1319 1374 1546 1428 Veneris
1578 1373 1720 1429 Coae
1756 1375 1871 1447 pul·
1893 1390 1936 1423 ιδ

205 1448 562 1501 chritudinem
594 1447 733 1501 effici
761 1465 920 1518 posse
944 1447 1251 1518 aspersione
1273 1448 1503 1502 fortuita
1523 1449 1723 1519 putas?
1769 1447 1870 1502 Sus

204 1524 381 1575 rostro
421 1521 468 1574 si
504 1521 656 1574 humi
690 1521 741 1574 A
778 1522 1016 1574 litteram
1053 1521 1382 1591 inpresserit,
1418 1539 1548 1575 num
1585 1524 1872 1593 propterea

206 1594 467 1664 suspicari
518 1595 719 1664 poteris
775 1594 1208 1647 Andromacham
1259 1594 1426 1648 Ennii
1477 1594 1546 1648 ab
1598 1613 1664 1648 ea
1712 1613 1871 1666 posse

207 1668 472 1721 describi?
533 1667 802 1739 Fingebat
840 1666 1142 1722 Carneades
1179 1668 1237 1720 in
1273 1666 1531 1722 Chiorum
1568 1667 1871 1739 lapicidinis

206 1760 334 1795 saxo
382 1741 587 1795 diffisso
635 1744 796 1811 caput
841 1741 1082 1795 extitisse
1119 1740 1356 1811 Panisci3
1401 1741 1582 1810 cred0,
1633 1741 1872 1811 aliquam
1894 1758 1938 1790 20

204 1834 314 1869 non
353 1815 664 1868 dissimilem
703 1815 947 1884 figuram,
975 1814 1079 1870 sed
1116 1818 1259 1868 certe
1295 1832 1405 1868 non
1442 1815 1623 1884 talem,
1659 1817 1722 1868 ut
1752 1833 1872 1868 eam

205 1888 407 1942 factam
445 1907 478 1941 a
508 1886 683 1957 Scopa
720 1888 936 1941 diceres.
996 1885 1085 1941 Sic
1124 1888 1265 1940 enim
1303 1905 1361 1941 se
1389 1887 1633 1958 profecto
1663 1905 1750 1941 res
1779 1887 1871 1942 ha-

206 1963 314 2032 bet,
351 1966 414 2015 ut
450 1979 743 2031 numquam
781 1961 1015 2031 perfecte
1053 1961 1340 2014 veritatem
1379 1979 1533 2014 casus
1570 1961 1827 2015 imitetur.

317 2035 395 2088 At
431 2053 543 2088 non
578 2053 872 2104 numquam
911 2052 995 2104 ea,
1035 2052 1168 2103 quae
1207 2034 1481 2104 praedicta
1518 2037 1657 2104 sunt,
1694 2034 1870 2088 minus

149 2083 472 2163 4eveniunt.
555 2106 700 2171 Quae
753 2108 970 2161 tandem
1021 2107 1077 2160 id
1133 2125 1221 2161 ars
1272 2125 1384 2161 non
1433 2107 1635 2163 habet?
1688 2125 1871 2161 earum
1894 2122 1938 2155 2⁵

208 2183 324 2236 dico
364 2182 576 2251 artium,
616 2200 751 2251 quae
790 2181 1096 2234 coniectura
1134 2181 1476 2234 continentur
1513 2184 1568 2234 et
1607 2184 1732 2249 sunt
1762 2182 1874 2252 opi-

207 2256 431 2309 nabiles
506 2255 596 2307 An
648 2254 911 2308 medicina
965 2273 1053 2308 ars
1098 2272 1208 2307 non
1252 2254 1493 2324 putanda
1538 2255 1656 2309 est?
1711 2272 1873 2324 quam

207 2333 389 2383 tamen
425 2329 599 2381 multa
635 2328 846 2381 fallunt.
921 2326 1095 2389 Quid?
1142 2328 1526 2398 gubernatores
1562 2345 1737 2381 nonne
1774 2327 1873 2381 fal-

208 2402 428 2455 luntur?
482 2402 571 2454 An
593 2402 922 2455 Achivorum
961 2400 1222 2455 exercitus
1262 2403 1318 2453 et
1345 2403 1431 2454 tot
1458 2400 1676 2454 navium
1705 2403 1872 2455 recto·

208 2494 293 2529 res
342 2493 453 2529 non
500 2475 579 2527 ita
623 2474 852 2544 profecti
897 2477 1023 2526 sunt
1068 2475 1136 2527 ab
1175 2474 1298 2543 Ilio,
1346 2477 1409 2527 ut
1446 2473 1938 2570 ‘profectionem

209 2549 370 2602 laeti
407 2548 678 2619 piscium
715 2547 1053 2601 lasciviam
1090 2545 1540 2617 intuerentur’,
1576 2549 1640 2600 ut
1669 2547 1748 2600 ait
1775 2547 1872 2601 Pa-

209 2622 409 2691 cuviuS‚
449 2621 586 2674 nec
622 2620 844 2674 tuendi
882 2621 1154 2674 satietas
1193 2638 1417 2690 capere
1454 2619 1737 2690 posset‘?'

282 2664 539 2748 Interea
568 2712 764 2764 prope
795 2694 920 2747 iam
951 2694 1279 2748 occidente
1310 2694 1446 2747 sole
1475 2691 1873 2747 inhorrescit

1537 2785 1728 2836 mare,

284 2840 608 2895 Te'nebrae
654 2840 1188 2910 conduplicantur
1231 2839 1571 2910 noctisque
1613 2841 1678 2893 6t
1719 2839 1870 2893 nim-

976 2914 1120 2966 bum
1159 2913 1455 2968 occaecat
1489 2912 1727 2983 nigror.
