<?xml version="1.0" encoding="UTF-8"?>
<!DOCTYPE html PUBLIC "-//W3C//DTD XHTML 1.0 Transitional//EN"
    "http://www.w3.org/TR/xhtml1/DTD/xhtml1-transitional.dtd">
<html xmlns="http://www.w3.org/1999/xhtml" xml:lang="en" lang="en">
 <head>
  <title>
</title>
<meta http-equiv="Content-Type" content="text/html;charset=utf-8" />
  <meta name='ocr-system' content='tesseract 3.04.00' />
  <meta name='ocr-capabilities' content='ocr_page ocr_carea ocr_par ocr_line ocrx_word'/>
</head>
<body>
  <div class='ocr_page' id='page_1' title='image "./dedivinationelib00ciceuoft_0042.png"; bbox 0 0 2002 3178; ppageno 0'>
   <div class='ocr_carea' id='block_1_1' title="bbox 208 140 1314 199">
    <p class='ocr_par' dir='ltr' id='par_1_1' title="bbox 208 140 1314 199">
     <span class='ocr_line' id='line_1_1' title="bbox 208 140 1314 199; baseline -0.013 1"><span class='ocrx_word' id='word_1_1' title='bbox 208 147 313 199; x_wconf 83' lang='lat'>178</span> <span class='ocrx_word' id='word_1_2' title='bbox 802 142 883 186; x_wconf 81' lang='lat' dir='ltr'>DE</span> <span class='ocrx_word' id='word_1_3' title='bbox 913 140 1314 188; x_wconf 79' lang='lat' dir='ltr'>DIVINATIONE</span> 
     </span>
    </p>
   </div>
   <div class='ocr_carea' id='block_1_2' title="bbox 120 261 1945 2970">
    <p class='ocr_par' dir='ltr' id='par_1_2' title="bbox 205 261 1940 849">
     <span class='ocr_line' id='line_1_2' title="bbox 208 261 1874 337; baseline -0.002 -17"><span class='ocrx_word' id='word_1_4' title='bbox 208 266 494 337; x_wconf 85' lang='lat' dir='ltr'>quaeritur.</span> <span class='ocrx_word' id='word_1_5' title='bbox 561 262 654 333; x_wconf 89' lang='lat' dir='ltr'>Ut,</span> <span class='ocrx_word' id='word_1_6' title='bbox 694 263 741 316; x_wconf 91' lang='lat' dir='ltr'>si</span> <span class='ocrx_word' id='word_1_7' title='bbox 779 266 1087 331; x_wconf 73' lang='lat' dir='ltr'>magnetem</span> <span class='ocrx_word' id='word_1_8' title='bbox 1124 262 1361 332; x_wconf 83' lang='lat' dir='ltr'>lapidem</span> <span class='ocrx_word' id='word_1_9' title='bbox 1397 279 1514 316; x_wconf 87' lang='lat' dir='ltr'>esse</span> <span class='ocrx_word' id='word_1_10' title='bbox 1551 261 1740 332; x_wconf 83' lang='lat' dir='ltr'>dicam,</span> <span class='ocrx_word' id='word_1_11' title='bbox 1782 261 1874 332; x_wconf 87' lang='lat' dir='ltr'>qui</span> 
     </span>
     <span class='ocr_line' id='line_1_3' title="bbox 205 335 1875 406; baseline -0.003 -13"><span class='ocrx_word' id='word_1_12' title='bbox 205 341 408 394; x_wconf 90' lang='lat' dir='ltr'>ferrum</span> <span class='ocrx_word' id='word_1_13' title='bbox 458 337 525 390; x_wconf 88' lang='lat' dir='ltr'>ad</span> <span class='ocrx_word' id='word_1_14' title='bbox 570 355 627 390; x_wconf 91' lang='lat' dir='ltr'>se</span> <span class='ocrx_word' id='word_1_15' title='bbox 674 336 894 390; x_wconf 76' lang='lat' dir='ltr'>adliciat</span> <span class='ocrx_word' id='word_1_16' title='bbox 940 339 994 389; x_wconf 91' lang='lat' dir='ltr'>et</span> <span class='ocrx_word' id='word_1_17' title='bbox 1032 336 1300 406; x_wconf 90' lang='lat' dir='ltr'>attrahat,</span> <span class='ocrx_word' id='word_1_18' title='bbox 1348 335 1637 406; x_wconf 89' lang='lat' dir='ltr'>rationem,</span> <span class='ocrx_word' id='word_1_19' title='bbox 1688 353 1783 390; x_wconf 89' lang='lat' dir='ltr'>cur</span> <span class='ocrx_word' id='word_1_20' title='bbox 1817 335 1875 388; x_wconf 93' lang='lat' dir='ltr'>id</span> 
     </span>
     <span class='ocr_line' id='line_1_4' title="bbox 205 407 1875 481; baseline -0.003 -15"><span class='ocrx_word' id='word_1_21' title='bbox 205 414 316 481; x_wconf 89' lang='lat' dir='ltr'>fiat,</span> <span class='ocrx_word' id='word_1_22' title='bbox 356 411 564 465; x_wconf 86' lang='lat' dir='ltr'>adferre</span> <span class='ocrx_word' id='word_1_23' title='bbox 600 427 879 479; x_wconf 78' lang='lat' dir='ltr'>nequeam,</span> <span class='ocrx_word' id='word_1_24' title='bbox 915 409 1034 462; x_wconf 90' lang='lat' dir='ltr'>fieri</span> <span class='ocrx_word' id='word_1_25' title='bbox 1064 409 1281 463; x_wconf 85' lang='lat' dir='ltr'>omnino</span> <span class='ocrx_word' id='word_1_26' title='bbox 1311 427 1491 480; x_wconf 81' lang='lat' dir='ltr'>neges,</span> <span class='ocrx_word' id='word_1_27' title='bbox 1552 407 1705 472; x_wconf 87' lang='lat' dir='ltr'>Quod</span> <span class='ocrx_word' id='word_1_28' title='bbox 1733 408 1875 462; x_wconf 90' lang='lat' dir='ltr'>idem</span> 
     </span>
     <span class='ocr_line' id='line_1_5' title="bbox 205 481 1874 554; baseline -0.002 -15"><span class='ocrx_word' id='word_1_29' title='bbox 205 487 337 539; x_wconf 85' lang='lat' dir='ltr'>facis</span> <span class='ocrx_word' id='word_1_30' title='bbox 383 485 442 538; x_wconf 91' lang='lat' dir='ltr'>in</span> <span class='ocrx_word' id='word_1_31' title='bbox 487 483 837 552; x_wconf 85' lang='lat' dir='ltr'>divinatione,</span> <span class='ocrx_word' id='word_1_32' title='bbox 885 501 1046 552; x_wconf 91' lang='lat' dir='ltr'>quam</span> <span class='ocrx_word' id='word_1_33' title='bbox 1091 485 1146 536; x_wconf 87' lang='lat' dir='ltr'>et</span> <span class='ocrx_word' id='word_1_34' title='bbox 1191 482 1470 536; x_wconf 89' lang='lat' dir='ltr'>cernimus</span> <span class='ocrx_word' id='word_1_35' title='bbox 1493 483 1600 554; x_wconf 92' lang='lat' dir='ltr'>ipsi</span> <span class='ocrx_word' id='word_1_36' title='bbox 1638 485 1693 536; x_wconf 93' lang='lat' dir='ltr'>et</span> <span class='ocrx_word' id='word_1_37' title='bbox 1731 481 1874 536; x_wconf 86' lang='lat' dir='ltr'>audi-</span> 
     </span>
     <span class='ocr_line' id='line_1_6' title="bbox 207 555 1940 627; baseline -0.005 -15"><span class='ocrx_word' id='word_1_38' title='bbox 207 577 325 612; x_wconf 86' lang='lat' dir='ltr'>mus</span> <span class='ocrx_word' id='word_1_39' title='bbox 365 561 420 611; x_wconf 93' lang='lat' dir='ltr'>et</span> <span class='ocrx_word' id='word_1_40' title='bbox 456 556 685 627; x_wconf 89' lang='lat' dir='ltr'>legimus</span> <span class='ocrx_word' id='word_1_41' title='bbox 724 559 779 609; x_wconf 91' lang='lat' dir='ltr'>et</span> <span class='ocrx_word' id='word_1_42' title='bbox 817 575 849 609; x_wconf 91' lang='lat' dir='ltr'>a</span> <span class='ocrx_word' id='word_1_43' title='bbox 878 556 1124 626; x_wconf 87' lang='lat' dir='ltr'>patribus</span> <span class='ocrx_word' id='word_1_44' title='bbox 1157 556 1470 627; x_wconf 88' lang='lat' dir='ltr'>accepimus.</span> <span class='ocrx_word' id='word_1_45' title='bbox 1529 555 1719 626; x_wconf 84' lang='lat' dir='ltr'>Neque</span> <span class='ocrx_word' id='word_1_46' title='bbox 1747 558 1874 609; x_wconf 90' lang='lat' dir='ltr'>ante</span> <span class='ocrx_word' id='word_1_47' title='bbox 1918 570 1940 604; x_wconf 71' lang='lat'><strong>5</strong></span> 
     </span>
     <span class='ocr_line' id='line_1_7' title="bbox 206 629 1876 703; baseline -0.002 -18"><span class='ocrx_word' id='word_1_48' title='bbox 206 630 607 703; x_wconf 84' lang='lat' dir='ltr'>philosophiam</span> <span class='ocrx_word' id='word_1_49' title='bbox 641 629 984 700; x_wconf 74' lang='lat' dir='ltr'>patefactam,</span> <span class='ocrx_word' id='word_1_50' title='bbox 1023 635 1159 699; x_wconf 91' lang='lat' dir='ltr'>quae</span> <span class='ocrx_word' id='word_1_51' title='bbox 1189 648 1360 700; x_wconf 88' lang='lat' dir='ltr'>nuper</span> <span class='ocrx_word' id='word_1_52' title='bbox 1389 629 1609 683; x_wconf 82' lang='lat' dir='ltr'>inventa</span> <span class='ocrx_word' id='word_1_53' title='bbox 1639 632 1738 700; x_wconf 89' lang='lat' dir='ltr'>est,</span> <span class='ocrx_word' id='word_1_54' title='bbox 1772 629 1876 682; x_wconf 83' lang='lat' dir='ltr'>hac</span> 
     </span>
     <span class='ocr_line' id='line_1_8' title="bbox 208 701 1877 773; baseline -0.002 -14"><span class='ocrx_word' id='word_1_55' title='bbox 208 707 271 759; x_wconf 96' lang='lat' dir='ltr'>de</span> <span class='ocrx_word' id='word_1_56' title='bbox 309 724 367 758; x_wconf 91' lang='lat' dir='ltr'>re</span> <span class='ocrx_word' id='word_1_57' title='bbox 405 703 702 758; x_wconf 85' lang='lat' dir='ltr'>communis</span> <span class='ocrx_word' id='word_1_58' title='bbox 740 704 856 757; x_wconf 86' lang='lat' dir='ltr'>vita</span> <span class='ocrx_word' id='word_1_59' title='bbox 895 703 1178 773; x_wconf 85' lang='lat' dir='ltr'>dubitavit,</span> <span class='ocrx_word' id='word_1_60' title='bbox 1215 706 1285 771; x_wconf 93' lang='lat' dir='ltr'>et,</span> <span class='ocrx_word' id='word_1_61' title='bbox 1322 706 1676 773; x_wconf 85' lang='lat' dir='ltr'>posteaquam</span> <span class='ocrx_word' id='word_1_62' title='bbox 1704 701 1877 772; x_wconf 88' lang='lat' dir='ltr'>philo-</span> 
     </span>
     <span class='ocr_line' id='line_1_9' title="bbox 209 775 1878 849; baseline -0.002 -17"><span class='ocrx_word' id='word_1_63' title='bbox 209 779 399 849; x_wconf 85' lang='lat' dir='ltr'>sophia</span> <span class='ocrx_word' id='word_1_64' title='bbox 444 778 729 848; x_wconf 89' lang='lat' dir='ltr'>processit,</span> <span class='ocrx_word' id='word_1_65' title='bbox 777 794 934 830; x_wconf 91' lang='lat' dir='ltr'>nemo</span> <span class='ocrx_word' id='word_1_66' title='bbox 981 777 1139 829; x_wconf 90' lang='lat' dir='ltr'>aliter</span> <span class='ocrx_word' id='word_1_67' title='bbox 1183 776 1539 846; x_wconf 87' lang='lat' dir='ltr'>philosophus</span> <span class='ocrx_word' id='word_1_68' title='bbox 1585 776 1776 846; x_wconf 89' lang='lat' dir='ltr'>sensit,</span> <span class='ocrx_word' id='word_1_69' title='bbox 1818 775 1878 828; x_wconf 89' lang='lat' dir='ltr'>in</span> 
     </span>
    </p>

    <p class='ocr_par' dir='ltr' id='par_1_3' title="bbox 120 848 1944 1215">
     <span class='ocr_line' id='line_1_10' title="bbox 120 848 1876 922; baseline -0.002 -17"><span class='ocrx_word' id='word_1_70' title='bbox 120 865 174 905; x_wconf 80' lang='lat'>87</span> <span class='ocrx_word' id='word_1_71' title='bbox 209 871 312 922; x_wconf 92' lang='lat' dir='ltr'>quo</span> <span class='ocrx_word' id='word_1_72' title='bbox 364 851 522 905; x_wconf 91' lang='lat' dir='ltr'>modo</span> <span class='ocrx_word' id='word_1_73' title='bbox 573 853 715 904; x_wconf 89' lang='lat' dir='ltr'>essct</span> <span class='ocrx_word' id='word_1_74' title='bbox 764 850 1074 904; x_wconf 68' lang='lat' dir='ltr'>auctoritas</span> <span class='ocrx_word' id='word_1_75' title='bbox 1149 849 1277 903; x_wconf 84' lang='lat' dir='ltr'>Dixi</span> <span class='ocrx_word' id='word_1_76' title='bbox 1322 849 1385 903; x_wconf 92' lang='lat' dir='ltr'>de</span> <span class='ocrx_word' id='word_1_77' title='bbox 1428 849 1762 920; x_wconf 81' lang='lat' dir='ltr'>Pythagora,</span> <span class='ocrx_word' id='word_1_78' title='bbox 1812 848 1876 901; x_wconf 93' lang='lat' dir='ltr'>de</span> 
     </span>
     <span class='ocr_line' id='line_1_11' title="bbox 206 920 1944 994; baseline -0.005 -15"><span class='ocrx_word' id='word_1_79' title='bbox 206 925 531 994; x_wconf 83' lang='lat' dir='ltr'>Democrito,</span> <span class='ocrx_word' id='word_1_80' title='bbox 571 924 634 976; x_wconf 94' lang='lat' dir='ltr'>de</span> <span class='ocrx_word' id='word_1_81' title='bbox 666 921 899 992; x_wconf 83' lang='lat' dir='ltr'>Socrate,</span> <span class='ocrx_word' id='word_1_82' title='bbox 938 923 1120 993; x_wconf 82' lang='lat' dir='ltr'>excepi</span> <span class='ocrx_word' id='word_1_83' title='bbox 1159 923 1222 976; x_wconf 91' lang='lat' dir='ltr'>de</span> <span class='ocrx_word' id='word_1_84' title='bbox 1262 922 1498 993; x_wconf 85' lang='lat' dir='ltr'>antiquis</span> <span class='ocrx_word' id='word_1_85' title='bbox 1529 925 1744 992; x_wconf 90' lang='lat' dir='ltr'>praeter</span> <span class='ocrx_word' id='word_1_86' title='bbox 1774 920 1876 975; x_wconf 93' lang='lat' dir='ltr'>Xe-</span> <span class='ocrx_word' id='word_1_87' title='bbox 1900 938 1944 970; x_wconf 85' lang='lat'>10</span> 
     </span>
     <span class='ocr_line' id='line_1_12' title="bbox 206 994 1878 1069; baseline -0.003 -16"><span class='ocrx_word' id='word_1_88' title='bbox 206 999 512 1069; x_wconf 91' lang='lat' dir='ltr'>nophanem</span> <span class='ocrx_word' id='word_1_89' title='bbox 549 997 832 1066; x_wconf 89' lang='lat' dir='ltr'>neminem,</span> <span class='ocrx_word' id='word_1_90' title='bbox 867 997 1088 1068; x_wconf 12' lang='lat' dir='ltr'>*adiunxi</span> <span class='ocrx_word' id='word_1_91' title='bbox 1117 999 1354 1050; x_wconf 82' lang='lat' dir='ltr'>veterem</span> <span class='ocrx_word' id='word_1_92' title='bbox 1385 995 1746 1066; x_wconf 87' lang='lat' dir='ltr'>Academiam,</span> <span class='ocrx_word' id='word_1_93' title='bbox 1781 994 1878 1049; x_wconf 62' lang='lat' dir='ltr'>Peb</span> 
     </span>
     <span class='ocr_line' id='line_1_13' title="bbox 206 1067 1877 1215; baseline -0.003 -15"><span class='ocrx_word' id='word_1_94' title='bbox 206 1069 795 1215; x_wconf 46' lang='lat' dir='ltr'>{ffss&#39;ssbssffissfiisffi‘ssfissffi</span> <span class='ocrx_word' id='word_1_95' title='bbox 820 1067 1877 1214; x_wconf 51' lang='lat' dir='ltr'>ffldffiisffl³21³2⁴³1i222¹¹r30⁸i183¹¹2¹1351⁰</span> 
     </span>
    </p>

    <p class='ocr_par' dir='ltr' id='par_1_4' title="bbox 209 1187 811 1273">
     <span class='ocr_line' id='line_1_14' title="bbox 574 1187 588 1213; baseline 0 0"><span class='ocrx_word' id='word_1_96' title='bbox 574 1187 588 1213; x_wconf 69' lang='grc'><strong><em>2</em></strong></span> 
     </span>
     <span class='ocr_line' id='line_1_15' title="bbox 209 1217 811 1273; baseline -0.007 0"><span class='ocrx_word' id='word_1_97' title='bbox 209 1223 324 1273; x_wconf 89' lang='lat' dir='ltr'>tam</span> <span class='ocrx_word' id='word_1_98' title='bbox 362 1236 478 1272; x_wconf 91' lang='lat' dir='ltr'>esse</span> <span class='ocrx_word' id='word_1_99' title='bbox 516 1217 811 1271; x_wconf 80' lang='lat' dir='ltr'>virtutem?</span> 
     </span>
    </p>

    <p class='ocr_par' dir='ltr' id='par_1_5' title="bbox 122 1288 1944 1583">
     <span class='ocr_line' id='line_1_16' title="bbox 122 1288 1944 1359; baseline -0.003 -11"><span class='ocrx_word' id='word_1_100' title='bbox 122 1296 194 1348; x_wconf 91' lang='grc'>40</span> <span class='ocrx_word' id='word_1_101' title='bbox 320 1291 449 1354; x_wconf 84' lang='lat' dir='ltr'>Quis</span> <span class='ocrx_word' id='word_1_102' title='bbox 489 1294 572 1344; x_wconf 88' lang='lat' dir='ltr'>est</span> <span class='ocrx_word' id='word_1_103' title='bbox 603 1293 796 1359; x_wconf 90' lang='lat' dir='ltr'>autem,</span> <span class='ocrx_word' id='word_1_104' title='bbox 836 1308 994 1359; x_wconf 91' lang='lat' dir='ltr'>quem</span> <span class='ocrx_word' id='word_1_105' title='bbox 1023 1307 1134 1343; x_wconf 90' lang='lat' dir='ltr'>non</span> <span class='ocrx_word' id='word_1_106' title='bbox 1163 1292 1379 1343; x_wconf 84' lang='lat' dir='ltr'>moveat</span> <span class='ocrx_word' id='word_1_107' title='bbox 1410 1288 1738 1343; x_wconf 89' lang='lat' dir='ltr'>clarissumis</span> <span class='ocrx_word' id='word_1_108' title='bbox 1768 1307 1878 1343; x_wconf 91' lang='lat' dir='ltr'>mo-</span> <span class='ocrx_word' id='word_1_109' title='bbox 1902 1304 1944 1337; x_wconf 85' lang='lat'>1⁵</span> 
     </span>
     <span class='ocr_line' id='line_1_17' title="bbox 209 1360 1881 1434; baseline -0.002 -14"><span class='ocrx_word' id='word_1_110' title='bbox 209 1365 480 1420; x_wconf 88' lang='lat' dir='ltr'>numentis</span> <span class='ocrx_word' id='word_1_111' title='bbox 525 1367 728 1417; x_wconf 89' lang='lat' dir='ltr'>testata</span> <span class='ocrx_word' id='word_1_112' title='bbox 767 1363 1188 1434; x_wconf 89' lang='lat' dir='ltr'>consignataque</span> <span class='ocrx_word' id='word_1_113' title='bbox 1228 1363 1560 1432; x_wconf 78' lang='lat' dir='ltr'>antiquitas?</span> <span class='ocrx_word' id='word_1_114' title='bbox 1621 1360 1881 1416; x_wconf 85' lang='lat' dir='ltr'>Calchan-</span> 
     </span>
     <span class='ocr_line' id='line_1_18' title="bbox 209 1436 1880 1509; baseline -0.004 -15"><span class='ocrx_word' id='word_1_115' title='bbox 209 1444 321 1493; x_wconf 86' lang='lat' dir='ltr'>tem</span> <span class='ocrx_word' id='word_1_116' title='bbox 366 1455 625 1509; x_wconf 84' lang='lat' dir='ltr'>augurem</span> <span class='ocrx_word' id='word_1_117' title='bbox 664 1437 852 1490; x_wconf 86' lang='lat' dir='ltr'>scribit</span> <span class='ocrx_word' id='word_1_118' title='bbox 888 1436 1155 1490; x_wconf 86' lang='lat' dir='ltr'>Homerus</span> <span class='ocrx_word' id='word_1_119' title='bbox 1195 1436 1357 1507; x_wconf 89' lang='lat' dir='ltr'>longe</span> <span class='ocrx_word' id='word_1_120' title='bbox 1395 1439 1700 1506; x_wconf 91' lang='lat' dir='ltr'>optumum,</span> <span class='ocrx_word' id='word_1_121' title='bbox 1738 1454 1880 1489; x_wconf 89' lang='lat' dir='ltr'>eum-</span> 
     </span>
     <span class='ocr_line' id='line_1_19' title="bbox 212 1509 1878 1583; baseline -0.002 -17"><span class='ocrx_word' id='word_1_122' title='bbox 212 1532 311 1583; x_wconf 92' lang='lat' dir='ltr'>que</span> <span class='ocrx_word' id='word_1_123' title='bbox 344 1513 531 1565; x_wconf 92' lang='lat' dir='ltr'>ducem</span> <span class='ocrx_word' id='word_1_124' title='bbox 562 1510 814 1564; x_wconf 89' lang='lat' dir='ltr'>classium</span> <span class='ocrx_word' id='word_1_125' title='bbox 842 1509 1009 1563; x_wconf 86' lang='lat' dir='ltr'>fuisse</span> <span class='ocrx_word' id='word_1_126' title='bbox 1042 1509 1109 1562; x_wconf 92' lang='lat' dir='ltr'>ad</span> <span class='ocrx_word' id='word_1_127' title='bbox 1131 1509 1306 1579; x_wconf 91' lang='lat' dir='ltr'>Ilium,</span> <span class='ocrx_word' id='word_1_128' title='bbox 1338 1509 1698 1580; x_wconf 88' lang='lat' dir='ltr'>auspiciorum</span> <span class='ocrx_word' id='word_1_129' title='bbox 1721 1509 1878 1563; x_wconf 88' lang='lat' dir='ltr'>credo</span> 
     </span>
    </p>

    <p class='ocr_par' dir='ltr' id='par_1_6' title="bbox 124 1581 1945 1947">
     <span class='ocr_line' id='line_1_20' title="bbox 124 1581 1879 1655; baseline -0.002 -17"><span class='ocrx_word' id='word_1_130' title='bbox 124 1599 178 1639; x_wconf 82' lang='lat'>88</span> <span class='ocrx_word' id='word_1_131' title='bbox 214 1586 452 1655; x_wconf 88' lang='lat' dir='ltr'>scientia,</span> <span class='ocrx_word' id='word_1_132' title='bbox 489 1603 599 1637; x_wconf 92' lang='lat' dir='ltr'>non</span> <span class='ocrx_word' id='word_1_133' title='bbox 635 1585 890 1638; x_wconf 90' lang='lat' dir='ltr'>locorum.</span> <span class='ocrx_word' id='word_1_134' title='bbox 950 1583 1341 1653; x_wconf 88' lang='lat' dir='ltr'>Amphilochus</span> <span class='ocrx_word' id='word_1_135' title='bbox 1380 1586 1435 1636; x_wconf 88' lang='lat' dir='ltr'>et</span> <span class='ocrx_word' id='word_1_136' title='bbox 1470 1582 1692 1652; x_wconf 89' lang='lat' dir='ltr'>Mopsus</span> <span class='ocrx_word' id='word_1_137' title='bbox 1723 1581 1879 1653; x_wconf 86' lang='lat' dir='ltr'>Argi-</span> 
     </span>
     <span class='ocr_line' id='line_1_21' title="bbox 210 1655 1945 1729; baseline -0.006 -15"><span class='ocrx_word' id='word_1_138' title='bbox 210 1678 400 1715; x_wconf 86' lang='lat' dir='ltr'>vorum</span> <span class='ocrx_word' id='word_1_139' title='bbox 446 1676 600 1729; x_wconf 90' lang='lat' dir='ltr'>reges</span> <span class='ocrx_word' id='word_1_140' title='bbox 638 1657 877 1725; x_wconf 86' lang='lat' dir='ltr'>fuerunt,</span> <span class='ocrx_word' id='word_1_141' title='bbox 923 1656 1017 1710; x_wconf 89' lang='lat' dir='ltr'>sed</span> <span class='ocrx_word' id='word_1_142' title='bbox 1053 1656 1214 1709; x_wconf 90' lang='lat' dir='ltr'>iidem</span> <span class='ocrx_word' id='word_1_143' title='bbox 1253 1674 1505 1727; x_wconf 86' lang='lat' dir='ltr'>augures,</span> <span class='ocrx_word' id='word_1_144' title='bbox 1549 1655 1693 1725; x_wconf 92' lang='lat' dir='ltr'>iique</span> <span class='ocrx_word' id='word_1_145' title='bbox 1730 1655 1878 1710; x_wconf 88' lang='lat' dir='ltr'>urbis</span> <span class='ocrx_word' id='word_1_146' title='bbox 1902 1673 1945 1705; x_wconf 85' lang='lat'>20</span> 
     </span>
     <span class='ocr_line' id='line_1_22' title="bbox 211 1729 1879 1799; baseline -0.003 -12"><span class='ocrx_word' id='word_1_147' title='bbox 211 1735 268 1787; x_wconf 91' lang='lat' dir='ltr'>in</span> <span class='ocrx_word' id='word_1_148' title='bbox 314 1751 410 1786; x_wconf 89' lang='lat' dir='ltr'>ora</span> <span class='ocrx_word' id='word_1_149' title='bbox 448 1732 739 1784; x_wconf 88' lang='lat' dir='ltr'>marituma</span> <span class='ocrx_word' id='word_1_150' title='bbox 777 1729 994 1783; x_wconf 84' lang='lat' dir='ltr'>Ciliciae</span> <span class='ocrx_word' id='word_1_151' title='bbox 1034 1729 1264 1784; x_wconf 83' lang='lat' dir='ltr'>Graecas</span> <span class='ocrx_word' id='word_1_152' title='bbox 1303 1729 1674 1799; x_wconf 80' lang='lat' dir='ltr'>condiderunt3</span> <span class='ocrx_word' id='word_1_153' title='bbox 1718 1731 1879 1798; x_wconf 88' lang='lat' dir='ltr'>atque</span> 
     </span>
     <span class='ocr_line' id='line_1_23' title="bbox 212 1802 1878 1873; baseline -0.003 -13"><span class='ocrx_word' id='word_1_154' title='bbox 212 1807 376 1860; x_wconf 91' lang='lat' dir='ltr'>etiam</span> <span class='ocrx_word' id='word_1_155' title='bbox 423 1809 547 1858; x_wconf 88' lang='lat' dir='ltr'>ante</span> <span class='ocrx_word' id='word_1_156' title='bbox 592 1804 693 1857; x_wconf 90' lang='lat' dir='ltr'>hos</span> <span class='ocrx_word' id='word_1_157' title='bbox 732 1802 1094 1873; x_wconf 87' lang='lat' dir='ltr'>Amphiaraus</span> <span class='ocrx_word' id='word_1_158' title='bbox 1134 1806 1188 1856; x_wconf 91' lang='lat' dir='ltr'>et</span> <span class='ocrx_word' id='word_1_159' title='bbox 1226 1803 1459 1856; x_wconf 83' lang='lat' dir='ltr'>Tiresias</span> <span class='ocrx_word' id='word_1_160' title='bbox 1502 1820 1614 1856; x_wconf 89' lang='lat' dir='ltr'>non</span> <span class='ocrx_word' id='word_1_161' title='bbox 1648 1802 1878 1856; x_wconf 88' lang='lat' dir='ltr'>humiles</span> 
     </span>
     <span class='ocr_line' id='line_1_24' title="bbox 212 1875 1878 1947; baseline -0.003 -14"><span class='ocrx_word' id='word_1_162' title='bbox 212 1884 267 1933; x_wconf 91' lang='lat' dir='ltr'>et</span> <span class='ocrx_word' id='word_1_163' title='bbox 305 1879 519 1932; x_wconf 89' lang='lat' dir='ltr'>obscuri</span> <span class='ocrx_word' id='word_1_164' title='bbox 554 1895 726 1946; x_wconf 91' lang='lat' dir='ltr'>neque</span> <span class='ocrx_word' id='word_1_165' title='bbox 764 1895 948 1930; x_wconf 88' lang='lat' dir='ltr'>eorum</span> <span class='ocrx_word' id='word_1_166' title='bbox 987 1876 1205 1944; x_wconf 87' lang='lat' dir='ltr'>similes,</span> <span class='ocrx_word' id='word_1_167' title='bbox 1243 1879 1306 1929; x_wconf 93' lang='lat' dir='ltr'>ut</span> <span class='ocrx_word' id='word_1_168' title='bbox 1343 1876 1484 1947; x_wconf 88' lang='lat' dir='ltr'>apud</span> <span class='ocrx_word' id='word_1_169' title='bbox 1513 1875 1749 1928; x_wconf 85' lang='lat' dir='ltr'>Ennium</span> <span class='ocrx_word' id='word_1_170' title='bbox 1780 1879 1878 1946; x_wconf 89' lang='lat' dir='ltr'>est,</span> 
     </span>
    </p>

    <p class='ocr_par' dir='ltr' id='par_1_7' title="bbox 211 1949 1942 2458">
     <span class='ocr_line' id='line_1_25' title="bbox 286 1949 1879 2020; baseline -0.002 -15"><span class='ocrx_word' id='word_1_171' title='bbox 286 1951 408 2015; x_wconf 75' lang='lat' dir='ltr'>Qui</span> <span class='ocrx_word' id='word_1_172' title='bbox 443 1951 541 2004; x_wconf 91' lang='lat' dir='ltr'>sui</span> <span class='ocrx_word' id='word_1_173' title='bbox 581 1952 887 2020; x_wconf 88' lang='lat' dir='ltr'>quaestus</span> <span class='ocrx_word' id='word_1_174' title='bbox 927 1953 1120 2003; x_wconf 79' lang='lat' dir='ltr'>causa</span> <span class='ocrx_word' id='word_1_175' title='bbox 1156 1949 1352 2003; x_wconf 88' lang='lat' dir='ltr'>fictas</span> <span class='ocrx_word' id='word_1_176' title='bbox 1391 1949 1713 2003; x_wconf 75' lang='lat' dir='ltr'>suscitant</span> <span class='ocrx_word' id='word_1_177' title='bbox 1743 1967 1879 2002; x_wconf 89' lang='lat' dir='ltr'>sen-</span> 
     </span>
     <span class='ocr_line' id='line_1_26' title="bbox 1468 2022 1710 2075; baseline 0 0"><span class='ocrx_word' id='word_1_178' title='bbox 1468 2022 1710 2075; x_wconf 70' lang='lat' dir='ltr'>tentias</span> 
     </span>
     <span class='ocr_line' id='line_1_27' title="bbox 213 2063 1942 2168; baseline -0.003 -16"><span class='ocrx_word' id='word_1_179' title='bbox 213 2100 305 2153; x_wconf 89' lang='lat' dir='ltr'>sed</span> <span class='ocrx_word' id='word_1_180' title='bbox 343 2098 475 2153; x_wconf 87' lang='lat' dir='ltr'>clari</span> <span class='ocrx_word' id='word_1_181' title='bbox 515 2101 569 2151; x_wconf 91' lang='lat' dir='ltr'>et</span> <span class='ocrx_word' id='word_1_182' title='bbox 605 2099 943 2168; x_wconf 87' lang='lat' dir='ltr'>praestantes</span> <span class='ocrx_word' id='word_1_183' title='bbox 981 2097 1098 2166; x_wconf 86' lang='lat' dir='ltr'>viri,</span> <span class='ocrx_word' id='word_1_184' title='bbox 1138 2097 1230 2166; x_wconf 93' lang='lat' dir='ltr'>qui</span> <span class='ocrx_word' id='word_1_185' title='bbox 1268 2095 1455 2150; x_wconf 83' lang='lat' dir='ltr'>avibus</span> <span class='ocrx_word' id='word_1_186' title='bbox 1495 2098 1550 2148; x_wconf 88' lang='lat' dir='ltr'>et</span> <span class='ocrx_word' id='word_1_187' title='bbox 1588 2063 1758 2166; x_wconf 77' lang='lat' dir='ltr'>signis</span> <span class='ocrx_word' id='word_1_188' title='bbox 1789 2095 1876 2148; x_wconf 88' lang='lat' dir='ltr'>ad·</span> <span class='ocrx_word' id='word_1_189' title='bbox 1899 2111 1942 2144; x_wconf 77' lang='lat'>25</span> 
     </span>
     <span class='ocr_line' id='line_1_28' title="bbox 212 2168 1880 2239; baseline -0.002 -14"><span class='ocrx_word' id='word_1_190' title='bbox 212 2173 406 2226; x_wconf 89' lang='lat' dir='ltr'>moniti</span> <span class='ocrx_word' id='word_1_191' title='bbox 442 2172 626 2224; x_wconf 91' lang='lat' dir='ltr'>futura</span> <span class='ocrx_word' id='word_1_192' title='bbox 665 2170 933 2239; x_wconf 83' lang='lat' dir='ltr'>dicebant3</span> <span class='ocrx_word' id='word_1_193' title='bbox 972 2188 1199 2239; x_wconf 90' lang='lat' dir='ltr'>quorum</span> <span class='ocrx_word' id='word_1_194' title='bbox 1239 2170 1302 2223; x_wconf 90' lang='lat' dir='ltr'>de</span> <span class='ocrx_word' id='word_1_195' title='bbox 1340 2170 1510 2223; x_wconf 90' lang='lat' dir='ltr'>altero</span> <span class='ocrx_word' id='word_1_196' title='bbox 1542 2168 1707 2222; x_wconf 87' lang='lat' dir='ltr'>etiam</span> <span class='ocrx_word' id='word_1_197' title='bbox 1737 2168 1880 2239; x_wconf 86' lang='lat' dir='ltr'>apud</span> 
     </span>
     <span class='ocr_line' id='line_1_29' title="bbox 212 2241 1879 2312; baseline -0.002 -13"><span class='ocrx_word' id='word_1_198' title='bbox 212 2246 414 2299; x_wconf 89' lang='lat' dir='ltr'>inferos</span> <span class='ocrx_word' id='word_1_199' title='bbox 451 2244 719 2298; x_wconf 90' lang='lat' dir='ltr'>Homerus</span> <span class='ocrx_word' id='word_1_200' title='bbox 766 2244 843 2296; x_wconf 91' lang='lat' dir='ltr'>ait</span> <span class='ocrx_word' id='word_1_201' title='bbox 889 2241 1118 2296; x_wconf 77' lang='lat' dir='ltr'>‘solum</span> <span class='ocrx_word' id='word_1_202' title='bbox 1166 2261 1411 2312; x_wconf 91' lang='lat' dir='ltr'>sapere,</span> <span class='ocrx_word' id='word_1_203' title='bbox 1457 2245 1708 2296; x_wconf 82' lang='lat' dir='ltr'>ceteros</span> <span class='ocrx_word' id='word_1_204' title='bbox 1753 2260 1879 2295; x_wconf 90' lang='lat' dir='ltr'>um-</span> 
     </span>
     <span class='ocr_line' id='line_1_30' title="bbox 212 2314 1879 2387; baseline -0.004 -14"><span class='ocrx_word' id='word_1_205' title='bbox 212 2320 468 2373; x_wconf 87' lang='lat' dir='ltr'>brarum</span> <span class='ocrx_word' id='word_1_206' title='bbox 506 2317 731 2387; x_wconf 84' lang='lat' dir='ltr'>vagari</span> <span class='ocrx_word' id='word_1_207' title='bbox 769 2316 1000 2386; x_wconf 81' lang='lat' dir='ltr'>modo’3</span> <span class='ocrx_word' id='word_1_208' title='bbox 1038 2316 1430 2386; x_wconf 90' lang='lat' dir='ltr'>Amphiaraum</span> <span class='ocrx_word' id='word_1_209' title='bbox 1469 2317 1648 2368; x_wconf 90' lang='lat' dir='ltr'>autem</span> <span class='ocrx_word' id='word_1_210' title='bbox 1679 2314 1757 2368; x_wconf 87' lang='lat' dir='ltr'>sic</span> <span class='ocrx_word' id='word_1_211' title='bbox 1786 2314 1879 2368; x_wconf 91' lang='lat' dir='ltr'>ho-</span> 
     </span>
     <span class='ocr_line' id='line_1_31' title="bbox 211 2388 1878 2458; baseline -0.003 -12"><span class='ocrx_word' id='word_1_212' title='bbox 211 2392 427 2446; x_wconf 86' lang='lat' dir='ltr'>noravit</span> <span class='ocrx_word' id='word_1_213' title='bbox 457 2391 604 2444; x_wconf 90' lang='lat' dir='ltr'>fama</span> <span class='ocrx_word' id='word_1_214' title='bbox 628 2389 896 2458; x_wconf 85' lang='lat' dir='ltr'>Graeciae,</span> <span class='ocrx_word' id='word_1_215' title='bbox 937 2389 1064 2442; x_wconf 90' lang='lat' dir='ltr'>deus</span> <span class='ocrx_word' id='word_1_216' title='bbox 1094 2392 1156 2443; x_wconf 92' lang='lat' dir='ltr'>ut</span> <span class='ocrx_word' id='word_1_217' title='bbox 1186 2389 1487 2458; x_wconf 88' lang='lat' dir='ltr'>haberetur,</span> <span class='ocrx_word' id='word_1_218' title='bbox 1525 2391 1687 2458; x_wconf 88' lang='lat' dir='ltr'>atque</span> <span class='ocrx_word' id='word_1_219' title='bbox 1716 2391 1779 2441; x_wconf 86' lang='lat' dir='ltr'>ut</span> <span class='ocrx_word' id='word_1_220' title='bbox 1809 2388 1878 2441; x_wconf 88' lang='lat' dir='ltr'>ab</span> 
     </span>
    </p>

    <p class='ocr_par' dir='ltr' id='par_1_8' title="bbox 129 2459 1945 2970">
     <span class='ocr_line' id='line_1_32' title="bbox 129 2459 1945 2534; baseline -0.002 -17"><span class='ocrx_word' id='word_1_221' title='bbox 129 2477 181 2517; x_wconf 82' lang='lat'>89</span> <span class='ocrx_word' id='word_1_222' title='bbox 215 2466 325 2519; x_wconf 90' lang='lat' dir='ltr'>eius</span> <span class='ocrx_word' id='word_1_223' title='bbox 360 2465 492 2534; x_wconf 91' lang='lat' dir='ltr'>solo,</span> <span class='ocrx_word' id='word_1_224' title='bbox 520 2464 578 2517; x_wconf 92' lang='lat' dir='ltr'>in</span> <span class='ocrx_word' id='word_1_225' title='bbox 610 2482 713 2533; x_wconf 92' lang='lat' dir='ltr'>quo</span> <span class='ocrx_word' id='word_1_226' title='bbox 739 2465 822 2516; x_wconf 88' lang='lat' dir='ltr'>est</span> <span class='ocrx_word' id='word_1_227' title='bbox 842 2462 1113 2531; x_wconf 81' lang='lat' dir='ltr'>humatus„</span> <span class='ocrx_word' id='word_1_228' title='bbox 1143 2462 1324 2515; x_wconf 89' lang='lat' dir='ltr'>oracla</span> <span class='ocrx_word' id='word_1_229' title='bbox 1345 2463 1665 2532; x_wconf 87' lang='lat' dir='ltr'>peterentur.</span> <span class='ocrx_word' id='word_1_230' title='bbox 1704 2459 1877 2523; x_wconf 75' lang='lat' dir='ltr'>Quid?</span> <span class='ocrx_word' id='word_1_231' title='bbox 1900 2476 1945 2509; x_wconf 75' lang='lat'>³0</span> 
     </span>
     <span class='ocr_line' id='line_1_33' title="bbox 214 2532 1878 2592; baseline -0.004 0"><span class='ocrx_word' id='word_1_232' title='bbox 214 2539 376 2592; x_wconf 88' lang='lat' dir='ltr'>Asiae</span> <span class='ocrx_word' id='word_1_233' title='bbox 421 2556 514 2590; x_wconf 88' lang='lat' dir='ltr'>rex</span> <span class='ocrx_word' id='word_1_234' title='bbox 551 2536 798 2590; x_wconf 90' lang='lat' dir='ltr'>Priamus</span> <span class='ocrx_word' id='word_1_235' title='bbox 842 2554 1017 2589; x_wconf 89' lang='lat' dir='ltr'>nonne</span> <span class='ocrx_word' id='word_1_236' title='bbox 1056 2538 1110 2589; x_wconf 94' lang='lat' dir='ltr'>et</span> <span class='ocrx_word' id='word_1_237' title='bbox 1147 2535 1414 2588; x_wconf 90' lang='lat' dir='ltr'>Helenum</span> <span class='ocrx_word' id='word_1_238' title='bbox 1450 2534 1623 2587; x_wconf 91' lang='lat' dir='ltr'>filium</span> <span class='ocrx_word' id='word_1_239' title='bbox 1662 2536 1717 2587; x_wconf 91' lang='lat' dir='ltr'>et</span> <span class='ocrx_word' id='word_1_240' title='bbox 1755 2532 1878 2587; x_wconf 84' lang='lat' dir='ltr'>Cas-</span> 
     </span>
     <span class='ocr_line' id='line_1_34' title="bbox 216 2606 1877 2677; baseline -0.004 -12"><span class='ocrx_word' id='word_1_241' title='bbox 216 2612 467 2665; x_wconf 86' lang='lat' dir='ltr'>sandram</span> <span class='ocrx_word' id='word_1_242' title='bbox 504 2610 674 2663; x_wconf 91' lang='lat' dir='ltr'>filiam</span> <span class='ocrx_word' id='word_1_243' title='bbox 713 2609 1013 2662; x_wconf 86' lang='lat' dir='ltr'>divinantes</span> <span class='ocrx_word' id='word_1_244' title='bbox 1051 2608 1310 2677; x_wconf 88' lang='lat' dir='ltr'>habebat,</span> <span class='ocrx_word' id='word_1_245' title='bbox 1355 2608 1586 2661; x_wconf 89' lang='lat' dir='ltr'>alterum</span> <span class='ocrx_word' id='word_1_246' title='bbox 1623 2606 1877 2677; x_wconf 85' lang='lat' dir='ltr'>auguriis,</span> 
     </span>
     <span class='ocr_line' id='line_1_35' title="bbox 215 2678 1876 2751; baseline -0.002 -13"><span class='ocrx_word' id='word_1_247' title='bbox 215 2686 442 2738; x_wconf 89' lang='lat' dir='ltr'>alteram</span> <span class='ocrx_word' id='word_1_248' title='bbox 480 2683 676 2736; x_wconf 87' lang='lat' dir='ltr'>mentis</span> <span class='ocrx_word' id='word_1_249' title='bbox 706 2682 1020 2735; x_wconf 90' lang='lat' dir='ltr'>incitatione</span> <span class='ocrx_word' id='word_1_250' title='bbox 1053 2684 1107 2735; x_wconf 89' lang='lat' dir='ltr'>et</span> <span class='ocrx_word' id='word_1_251' title='bbox 1136 2681 1469 2751; x_wconf 92' lang='lat' dir='ltr'>permotione</span> <span class='ocrx_word' id='word_1_252' title='bbox 1499 2679 1715 2733; x_wconf 81' lang='lat' dir='ltr'>divina?</span> <span class='ocrx_word' id='word_1_253' title='bbox 1761 2678 1876 2742; x_wconf 83' lang='lat' dir='ltr'>Quo</span> 
     </span>
     <span class='ocr_line' id='line_1_36' title="bbox 213 2752 1878 2828; baseline -0.003 -18"><span class='ocrx_word' id='word_1_254' title='bbox 213 2759 270 2810; x_wconf 90' lang='lat' dir='ltr'>in</span> <span class='ocrx_word' id='word_1_255' title='bbox 309 2776 502 2828; x_wconf 88' lang='lat' dir='ltr'>genere</span> <span class='ocrx_word' id='word_1_256' title='bbox 532 2756 763 2809; x_wconf 85' lang='lat' dir='ltr'>Marcios</span> <span class='ocrx_word' id='word_1_257' title='bbox 803 2756 1063 2824; x_wconf 89' lang='lat' dir='ltr'>quosdam</span> <span class='ocrx_word' id='word_1_258' title='bbox 1100 2754 1313 2824; x_wconf 88' lang='lat' dir='ltr'>fratres,</span> <span class='ocrx_word' id='word_1_259' title='bbox 1349 2752 1521 2807; x_wconf 89' lang='lat' dir='ltr'>nobili</span> <span class='ocrx_word' id='word_1_260' title='bbox 1553 2752 1674 2806; x_wconf 88' lang='lat' dir='ltr'>loco</span> <span class='ocrx_word' id='word_1_261' title='bbox 1703 2755 1878 2822; x_wconf 78' lang='lat' dir='ltr'>natOS,</span> 
     </span>
     <span class='ocr_line' id='line_1_37' title="bbox 216 2824 1943 2970; baseline -0.002 -15"><span class='ocrx_word' id='word_1_262' title='bbox 216 2830 871 2970; x_wconf 53' lang='lat' dir='ltr'>ffiffifflizssfflssffi</span> <span class='ocrx_word' id='word_1_263' title='bbox 896 2827 1075 2954; x_wconf 53' lang='lat'>{3533</span> <span class='ocrx_word' id='word_1_264' title='bbox 1094 2827 1366 2953; x_wconf 57' lang='lat' dir='ltr'>fflffi</span> <span class='ocrx_word' id='word_1_265' title='bbox 1393 2824 1878 2952; x_wconf 52' lang='grc' dir='ltr'>ἓᾶέἒὲἱῃῇῗῖἷ</span> <span class='ocrx_word' id='word_1_266' title='bbox 1900 2839 1943 2872; x_wconf 74' lang='lat'>⁸⁵</span> 
     </span>
    </p>
   </div>
  </div>
 </body>
</html>
