<?xml version="1.0" encoding="UTF-8"?>
<!DOCTYPE html PUBLIC "-//W3C//DTD XHTML 1.0 Transitional//EN"
    "http://www.w3.org/TR/xhtml1/DTD/xhtml1-transitional.dtd">
<html xmlns="http://www.w3.org/1999/xhtml" xml:lang="en" lang="en">
 <head>
  <title>
</title>
<meta http-equiv="Content-Type" content="text/html;charset=utf-8" />
  <meta name='ocr-system' content='tesseract 3.04.00' />
  <meta name='ocr-capabilities' content='ocr_page ocr_carea ocr_par ocr_line ocrx_word'/>
</head>
<body>
  <div class='ocr_page' id='page_1' title='image "./dedivinationelib00ciceuoft_0043.png"; bbox 0 0 2002 3178; ppageno 0'>
   <div class='ocr_carea' id='block_1_1' title="bbox 505 152 1784 212">
    <p class='ocr_par' dir='ltr' id='par_1_1' title="bbox 505 152 1784 212">
     <span class='ocr_line' id='line_1_1' title="bbox 505 152 1784 212; baseline 0.005 -9"><span class='ocrx_word' id='word_1_1' title='bbox 505 152 618 206; x_wconf 80' lang='lat' dir='ltr'><strong>Lm.</strong></span> <span class='ocrx_word' id='word_1_2' title='bbox 650 157 686 205; x_wconf 79' lang='lat' dir='ltr'>L</span> <span class='ocrx_word' id='word_1_3' title='bbox 726 155 853 205; x_wconf 73' lang='lat' dir='ltr'><strong>OAP.</strong></span> <span class='ocrx_word' id='word_1_4' title='bbox 885 161 1075 205; x_wconf 77' lang='lat'><strong>39—42.</strong></span> <span class='ocrx_word' id='word_1_5' title='bbox 1115 162 1141 212; x_wconf 68' lang='lat' dir='ltr'><strong>s</strong></span> <span class='ocrx_word' id='word_1_6' title='bbox 1172 161 1362 205; x_wconf 81' lang='lat'><strong>86—93.</strong></span> <span class='ocrx_word' id='word_1_7' title='bbox 1678 153 1784 209; x_wconf 80' lang='lat'><strong>179</strong></span> 
     </span>
    </p>
   </div>
   <div class='ocr_carea' id='block_1_2' title="bbox 65 278 1791 721">
    <p class='ocr_par' dir='ltr' id='par_1_2' title="bbox 65 278 1791 721">
     <span class='ocr_line' id='line_1_2' title="bbox 107 278 1790 350; baseline -0.001 -16"><span class='ocrx_word' id='word_1_8' title='bbox 107 279 223 334; x_wconf 88' lang='lat' dir='ltr'><strong>filio</strong></span> <span class='ocrx_word' id='word_1_9' title='bbox 261 279 330 334; x_wconf 86' lang='lat' dir='ltr'><strong>ad</strong></span> <span class='ocrx_word' id='word_1_10' title='bbox 359 278 578 334; x_wconf 84' lang='lat' dir='ltr'><strong>Troiam</strong></span> <span class='ocrx_word' id='word_1_11' title='bbox 615 279 978 350; x_wconf 88' lang='lat' dir='ltr'><strong>proficiscenti</strong></span> <span class='ocrx_word' id='word_1_12' title='bbox 1016 281 1247 333; x_wconf 87' lang='lat' dir='ltr'><strong>mortem</strong></span> <span class='ocrx_word' id='word_1_13' title='bbox 1284 278 1614 349; x_wconf 81' lang='lat' dir='ltr'><strong>praedixisse</strong></span> <span class='ocrx_word' id='word_1_14' title='bbox 1649 296 1790 333; x_wconf 90' lang='lat' dir='ltr'><strong>com·</strong></span> 
     </span>
     <span class='ocr_line' id='line_1_3' title="bbox 109 352 1790 424; baseline -0.001 -17"><span class='ocrx_word' id='word_1_15' title='bbox 109 354 413 408; x_wconf 79' lang='lat' dir='ltr'><strong>memorat?</strong></span> <span class='ocrx_word' id='word_1_16' title='bbox 466 352 698 408; x_wconf 86' lang='lat' dir='ltr'><strong>Omnino</strong></span> <span class='ocrx_word' id='word_1_17' title='bbox 738 353 882 424; x_wconf 89' lang='lat' dir='ltr'><strong>apud</strong></span> <span class='ocrx_word' id='word_1_18' title='bbox 911 356 1135 423; x_wconf 89' lang='lat' dir='ltr'><strong>veteres,</strong></span> <span class='ocrx_word' id='word_1_19' title='bbox 1176 352 1269 423; x_wconf 91' lang='lat' dir='ltr'><strong>qui</strong></span> <span class='ocrx_word' id='word_1_20' title='bbox 1298 371 1480 407; x_wconf 91' lang='lat' dir='ltr'><strong>rerum</strong></span> <span class='ocrx_word' id='word_1_21' title='bbox 1510 353 1790 424; x_wconf 86' lang='lat' dir='ltr'><strong>potieban-</strong></span> 
     </span>
     <span class='ocr_line' id='line_1_4' title="bbox 108 426 1790 499; baseline 0 -18"><span class='ocrx_word' id='word_1_22' title='bbox 108 431 214 498; x_wconf 88' lang='lat' dir='ltr'><strong>tur,</strong></span> <span class='ocrx_word' id='word_1_23' title='bbox 249 427 413 481; x_wconf 90' lang='lat' dir='ltr'><strong>iidem</strong></span> <span class='ocrx_word' id='word_1_24' title='bbox 450 427 680 499; x_wconf 82' lang='lat' dir='ltr'><strong>auguria</strong></span> <span class='ocrx_word' id='word_1_25' title='bbox 714 428 997 497; x_wconf 83' lang='lat' dir='ltr'><strong>tenebant3</strong></span> <span class='ocrx_word' id='word_1_26' title='bbox 1034 430 1096 481; x_wconf 92' lang='lat' dir='ltr'><strong>ut</strong></span> <span class='ocrx_word' id='word_1_27' title='bbox 1134 427 1276 480; x_wconf 92' lang='lat' dir='ltr'><strong>enim</strong></span> <span class='ocrx_word' id='word_1_28' title='bbox 1309 445 1512 498; x_wconf 85' lang='lat' dir='ltr'>sapere,</span> <span class='ocrx_word' id='word_1_29' title='bbox 1551 427 1629 481; x_wconf 92' lang='lat' dir='ltr'><strong>sic</strong></span> <span class='ocrx_word' id='word_1_30' title='bbox 1661 426 1790 481; x_wconf 87' lang='lat' dir='ltr'><strong>divi·</strong></span> 
     </span>
     <span class='ocr_line' id='line_1_5' title="bbox 107 500 1791 573; baseline -0.001 -18"><span class='ocrx_word' id='word_1_31' title='bbox 107 519 238 555; x_wconf 88' lang='lat' dir='ltr'><strong>nare</strong></span> <span class='ocrx_word' id='word_1_32' title='bbox 285 501 471 573; x_wconf 87' lang='lat' dir='ltr'><strong>regale</strong></span> <span class='ocrx_word' id='word_1_33' title='bbox 521 501 802 556; x_wconf 77' lang='lat' dir='ltr'>ducebant.</span> <span class='ocrx_word' id='word_1_34' title='bbox 878 500 1057 555; x_wconf 87' lang='lat' dir='ltr'><strong>Testis</strong></span> <span class='ocrx_word' id='word_1_35' title='bbox 1105 504 1188 555; x_wconf 91' lang='lat' dir='ltr'><strong>est</strong></span> <span class='ocrx_word' id='word_1_36' title='bbox 1232 504 1422 555; x_wconf 90' lang='lat' dir='ltr'><strong>nostra</strong></span> <span class='ocrx_word' id='word_1_37' title='bbox 1467 501 1701 570; x_wconf 77' lang='lat' dir='ltr'><strong>civitaS,</strong></span> <span class='ocrx_word' id='word_1_38' title='bbox 1731 500 1791 554; x_wconf 93' lang='lat' dir='ltr'><strong>in</strong></span> 
     </span>
     <span class='ocr_line' id='line_1_6' title="bbox 65 575 1790 647; baseline 0.002 -22"><span class='ocrx_word' id='word_1_39' title='bbox 65 590 87 624; x_wconf 69' lang='grc' dir='ltr'><strong>ε</strong></span> <span class='ocrx_word' id='word_1_40' title='bbox 111 594 218 646; x_wconf 87' lang='lat' dir='ltr'><strong>qua</strong></span> <span class='ocrx_word' id='word_1_41' title='bbox 261 578 317 629; x_wconf 89' lang='lat' dir='ltr'><strong>et</strong></span> <span class='ocrx_word' id='word_1_42' title='bbox 361 593 518 647; x_wconf 91' lang='lat' dir='ltr'><strong>reges</strong></span> <span class='ocrx_word' id='word_1_43' title='bbox 564 593 796 645; x_wconf 84' lang='lat' dir='ltr'><strong>augures</strong></span> <span class='ocrx_word' id='word_1_44' title='bbox 835 578 889 629; x_wconf 89' lang='lat' dir='ltr'><strong>et</strong></span> <span class='ocrx_word' id='word_1_45' title='bbox 926 578 1118 646; x_wconf 91' lang='lat' dir='ltr'><strong>postea</strong></span> <span class='ocrx_word' id='word_1_46' title='bbox 1154 575 1356 645; x_wconf 87' lang='lat' dir='ltr'><strong>privati</strong></span> <span class='ocrx_word' id='word_1_47' title='bbox 1395 575 1582 629; x_wconf 89' lang='lat' dir='ltr'><strong>eodem</strong></span> <span class='ocrx_word' id='word_1_48' title='bbox 1621 593 1790 628; x_wconf 90' lang='lat' dir='ltr'><strong>sacer-</strong></span> 
     </span>
     <span class='ocr_line' id='line_1_7' title="bbox 110 649 1789 721; baseline -0.001 -18"><span class='ocrx_word' id='word_1_49' title='bbox 110 649 258 704; x_wconf 90' lang='lat' dir='ltr'><strong>dotio</strong></span> <span class='ocrx_word' id='word_1_50' title='bbox 307 649 540 721; x_wconf 87' lang='lat' dir='ltr'><strong>praediti</strong></span> <span class='ocrx_word' id='word_1_51' title='bbox 592 667 707 703; x_wconf 90' lang='lat' dir='ltr'><strong>rem</strong></span> <span class='ocrx_word' id='word_1_52' title='bbox 758 649 1034 720; x_wconf 87' lang='lat' dir='ltr'><strong>publicam</strong></span> <span class='ocrx_word' id='word_1_53' title='bbox 1086 649 1412 720; x_wconf 83' lang='lat' dir='ltr'><strong>religionum</strong></span> <span class='ocrx_word' id='word_1_54' title='bbox 1466 649 1789 703; x_wconf 88' lang='lat' dir='ltr'><strong>auctoritate</strong></span> 
     </span>
    </p>
   </div>
   <div class='ocr_carea' id='block_1_3' title="bbox 108 722 1877 793">
    <p class='ocr_par' dir='ltr' id='par_1_3' title="bbox 108 722 1877 793">
     <span class='ocr_line' id='line_1_8' title="bbox 108 722 1877 793; baseline -0.001 -17"><span class='ocrx_word' id='word_1_55' title='bbox 108 726 374 778; x_wconf 86' lang='lat' dir='ltr'><strong>rexerunt.</strong></span> <span class='ocrx_word' id='word_1_56' title='bbox 449 723 637 793; x_wconf 87' lang='lat' dir='ltr'><strong>anue</strong></span> <span class='ocrx_word' id='word_1_57' title='bbox 690 723 1083 777; x_wconf 76' lang='lat' dir='ltr'><strong>divinationum</strong></span> <span class='ocrx_word' id='word_1_58' title='bbox 1135 723 1276 777; x_wconf 89' lang='lat' dir='ltr'><strong>ratio</strong></span> <span class='ocrx_word' id='word_1_59' title='bbox 1325 742 1393 777; x_wconf 91' lang='lat' dir='ltr'><strong>ne</strong></span> <span class='ocrx_word' id='word_1_60' title='bbox 1438 722 1496 776; x_wconf 93' lang='lat' dir='ltr'><strong>in</strong></span> <span class='ocrx_word' id='word_1_61' title='bbox 1540 723 1789 777; x_wconf 91' lang='lat' dir='ltr'><strong>barbaris</strong></span> <span class='ocrx_word' id='word_1_62' title='bbox 1822 754 1877 793; x_wconf 87' lang='lat'><strong>90</strong></span> 
     </span>
    </p>
   </div>
   <div class='ocr_carea' id='block_1_4' title="bbox 47 795 1792 1016">
    <p class='ocr_par' dir='ltr' id='par_1_4' title="bbox 47 795 1792 1016">
     <span class='ocr_line' id='line_1_9' title="bbox 111 795 1792 870; baseline 0 -20"><span class='ocrx_word' id='word_1_63' title='bbox 111 797 324 867; x_wconf 90' lang='lat' dir='ltr'><strong>quidem</strong></span> <span class='ocrx_word' id='word_1_64' title='bbox 370 798 625 870; x_wconf 86' lang='lat' dir='ltr'><strong>gentibus</strong></span> <span class='ocrx_word' id='word_1_65' title='bbox 669 798 921 868; x_wconf 87' lang='lat' dir='ltr'><strong>neglecta</strong></span> <span class='ocrx_word' id='word_1_66' title='bbox 965 800 1071 867; x_wconf 91' lang='lat' dir='ltr'><strong>est,</strong></span> <span class='ocrx_word' id='word_1_67' title='bbox 1118 796 1382 867; x_wconf 86' lang='lat' dir='ltr'><strong>siquidem</strong></span> <span class='ocrx_word' id='word_1_68' title='bbox 1421 800 1476 851; x_wconf 89' lang='lat' dir='ltr'><strong>et</strong></span> <span class='ocrx_word' id='word_1_69' title='bbox 1513 796 1571 851; x_wconf 91' lang='lat' dir='ltr'><strong>in</strong></span> <span class='ocrx_word' id='word_1_70' title='bbox 1610 795 1792 851; x_wconf 88' lang='lat' dir='ltr'><strong>Gallia</strong></span> 
     </span>
     <span class='ocr_line' id='line_1_10' title="bbox 108 870 1792 941; baseline 0 -16"><span class='ocrx_word' id='word_1_71' title='bbox 108 871 354 925; x_wconf 85' lang='lat' dir='ltr'><strong>Druidae·</strong></span> <span class='ocrx_word' id='word_1_72' title='bbox 384 874 526 941; x_wconf 91' lang='lat' dir='ltr'><strong>sunt,</strong></span> <span class='ocrx_word' id='word_1_73' title='bbox 565 889 594 924; x_wconf 90' lang='lat' dir='ltr'><strong>e</strong></span> <span class='ocrx_word' id='word_1_74' title='bbox 626 871 820 941; x_wconf 90' lang='lat' dir='ltr'><strong>quibus</strong></span> <span class='ocrx_word' id='word_1_75' title='bbox 852 871 968 941; x_wconf 92' lang='lat' dir='ltr'><strong>ipse</strong></span> <span class='ocrx_word' id='word_1_76' title='bbox 999 870 1331 925; x_wconf 85' lang='lat' dir='ltr'><strong>Divitiacum</strong></span> <span class='ocrx_word' id='word_1_77' title='bbox 1361 870 1661 941; x_wconf 86' lang='lat' dir='ltr'><strong>Haeduum,</strong></span> <span class='ocrx_word' id='word_1_78' title='bbox 1698 870 1792 925; x_wconf 88' lang='lat' dir='ltr'><strong>ho·</strong></span> 
     </span>
     <span class='ocr_line' id='line_1_11' title="bbox 47 944 1792 1016; baseline 0 -18"><span class='ocrx_word' id='word_1_79' title='bbox 47 959 87 993; x_wconf 84' lang='grc' dir='ltr'><strong>ιο</strong></span> <span class='ocrx_word' id='word_1_80' title='bbox 110 944 310 1016; x_wconf 83' lang='lat' dir='ltr'><strong>spitem</strong></span> <span class='ocrx_word' id='word_1_81' title='bbox 346 947 502 999; x_wconf 90' lang='lat' dir='ltr'><strong>tuum</strong></span> <span class='ocrx_word' id='word_1_82' title='bbox 540 945 1006 1015; x_wconf 74' lang='lat' dir='ltr'><strong>laudatoremque,</strong></span> <span class='ocrx_word' id='word_1_83' title='bbox 1049 945 1300 1016; x_wconf 83' lang='lat' dir='ltr'><strong>cognovi,</strong></span> <span class='ocrx_word' id='word_1_84' title='bbox 1341 945 1433 1015; x_wconf 91' lang='lat' dir='ltr'><strong>qui</strong></span> <span class='ocrx_word' id='word_1_85' title='bbox 1473 948 1527 999; x_wconf 91' lang='lat' dir='ltr'><strong>et</strong></span> <span class='ocrx_word' id='word_1_86' title='bbox 1563 948 1792 999; x_wconf 87' lang='lat' dir='ltr'><strong>naturae</strong></span> 
     </span>
    </p>
   </div>
   <div class='ocr_carea' id='block_1_5' title="bbox 109 1017 1905 1089">
    <p class='ocr_par' dir='ltr' id='par_1_5' title="bbox 109 1017 1905 1089">
     <span class='ocr_line' id='line_1_12' title="bbox 109 1017 1905 1089; baseline 0.002 -17"><span class='ocrx_word' id='word_1_87' title='bbox 109 1017 391 1088; x_wconf 85' lang='lat' dir='ltr'><strong>rationem,</strong></span> <span class='ocrx_word' id='word_1_88' title='bbox 431 1037 593 1089; x_wconf 89' lang='lat' dir='ltr'><strong>quam</strong></span> <span class='ocrx_word' id='word_1_89' title='bbox 632 1021 1002 1088; x_wconf 82' lang='grc' dir='ltr'><em>φυσιολογίαν</em></span> <span class='ocrx_word' id='word_1_90' title='bbox 1039 1017 1231 1072; x_wconf 86' lang='lat' dir='ltr'><strong>Graeci</strong></span> <span class='ocrx_word' id='word_1_91' title='bbox 1270 1019 1566 1089; x_wconf 90' lang='lat' dir='ltr'><strong>appellant,</strong></span> <span class='ocrx_word' id='word_1_92' title='bbox 1604 1022 1792 1073; x_wconf 91' lang='lat' dir='ltr'><strong>notam</strong></span> <span class='ocrx_word' id='word_1_93' title='bbox 1892 1069 1905 1075; x_wconf 80' lang='lat'><strong>-</strong></span> 
     </span>
    </p>
   </div>
   <div class='ocr_carea' id='block_1_6' title="bbox 0 1092 1797 3075">
    <p class='ocr_par' dir='ltr' id='par_1_6' title="bbox 45 1092 1795 1682">
     <span class='ocr_line' id='line_1_13' title="bbox 111 1092 1792 1164; baseline 0 -17"><span class='ocrx_word' id='word_1_94' title='bbox 111 1110 228 1147; x_wconf 88' lang='lat' dir='ltr'><strong>esse</strong></span> <span class='ocrx_word' id='word_1_95' title='bbox 266 1092 371 1147; x_wconf 82' lang='lat' dir='ltr'><strong>sibi</strong></span> <span class='ocrx_word' id='word_1_96' title='bbox 407 1093 765 1163; x_wconf 86' lang='lat' dir='ltr'><strong>profitebatur</strong></span> <span class='ocrx_word' id='word_1_97' title='bbox 803 1095 859 1146; x_wconf 86' lang='lat' dir='ltr'><strong>et</strong></span> <span class='ocrx_word' id='word_1_98' title='bbox 895 1093 1096 1163; x_wconf 88' lang='lat' dir='ltr'><strong>partim</strong></span> <span class='ocrx_word' id='word_1_99' title='bbox 1136 1093 1392 1163; x_wconf 91' lang='lat' dir='ltr'><strong>auguriis,</strong></span> <span class='ocrx_word' id='word_1_100' title='bbox 1430 1093 1632 1164; x_wconf 89' lang='lat' dir='ltr'><strong>partim</strong></span> <span class='ocrx_word' id='word_1_101' title='bbox 1672 1111 1792 1147; x_wconf 89' lang='lat' dir='ltr'><strong>con-</strong></span> 
     </span>
     <span class='ocr_line' id='line_1_14' title="bbox 109 1166 1794 1237; baseline 0 -17"><span class='ocrx_word' id='word_1_102' title='bbox 109 1167 337 1236; x_wconf 86' lang='lat' dir='ltr'><strong>iectura,</strong></span> <span class='ocrx_word' id='word_1_103' title='bbox 376 1185 513 1237; x_wconf 90' lang='lat' dir='ltr'><strong>quae</strong></span> <span class='ocrx_word' id='word_1_104' title='bbox 552 1169 734 1221; x_wconf 79' lang='lat' dir='ltr'><strong>essent</strong></span> <span class='ocrx_word' id='word_1_105' title='bbox 770 1166 979 1237; x_wconf 84' lang='lat' dir='ltr'><strong>futura,</strong></span> <span class='ocrx_word' id='word_1_106' title='bbox 1019 1167 1256 1237; x_wconf 90' lang='lat' dir='ltr'><strong>dicebat,</strong></span> <span class='ocrx_word' id='word_1_107' title='bbox 1296 1170 1351 1220; x_wconf 93' lang='lat' dir='ltr'><strong>et</strong></span> <span class='ocrx_word' id='word_1_108' title='bbox 1387 1166 1446 1220; x_wconf 91' lang='lat' dir='ltr'><strong>in</strong></span> <span class='ocrx_word' id='word_1_109' title='bbox 1482 1166 1664 1220; x_wconf 91' lang='lat' dir='ltr'><strong>Persis</strong></span> <span class='ocrx_word' id='word_1_110' title='bbox 1704 1186 1794 1220; x_wconf 82' lang='lat' dir='ltr'><strong>au·</strong></span> 
     </span>
     <span class='ocr_line' id='line_1_15' title="bbox 111 1240 1791 1312; baseline 0.001 -18"><span class='ocrx_word' id='word_1_111' title='bbox 111 1244 377 1312; x_wconf 88' lang='lat' dir='ltr'><strong>gurantur</strong></span> <span class='ocrx_word' id='word_1_112' title='bbox 414 1243 470 1294; x_wconf 88' lang='lat' dir='ltr'><strong>et</strong></span> <span class='ocrx_word' id='word_1_113' title='bbox 507 1240 753 1295; x_wconf 87' lang='lat' dir='ltr'><strong>divinant</strong></span> <span class='ocrx_word' id='word_1_114' title='bbox 790 1240 961 1312; x_wconf 91' lang='lat' dir='ltr'><strong>magi,</strong></span> <span class='ocrx_word' id='word_1_115' title='bbox 1001 1240 1093 1310; x_wconf 90' lang='lat' dir='ltr'><strong>qui</strong></span> <span class='ocrx_word' id='word_1_116' title='bbox 1131 1243 1532 1312; x_wconf 83' lang='lat' dir='ltr'><strong>congregantur</strong></span> <span class='ocrx_word' id='word_1_117' title='bbox 1569 1241 1627 1294; x_wconf 91' lang='lat' dir='ltr'><strong>in</strong></span> <span class='ocrx_word' id='word_1_118' title='bbox 1663 1240 1791 1295; x_wconf 90' lang='lat' dir='ltr'><strong>fano</strong></span> 
     </span>
     <span class='ocr_line' id='line_1_16' title="bbox 45 1314 1794 1385; baseline 0.002 -22"><span class='ocrx_word' id='word_1_119' title='bbox 45 1330 88 1364; x_wconf 80' lang='lat'><strong>15</strong></span> <span class='ocrx_word' id='word_1_120' title='bbox 111 1314 509 1369; x_wconf 90' lang='lat' dir='ltr'><strong>commentandi</strong></span> <span class='ocrx_word' id='word_1_121' title='bbox 547 1333 710 1369; x_wconf 85' lang='lat' dir='ltr'><strong>causa</strong></span> <span class='ocrx_word' id='word_1_122' title='bbox 748 1317 910 1385; x_wconf 90' lang='lat' dir='ltr'><strong>atque</strong></span> <span class='ocrx_word' id='word_1_123' title='bbox 948 1316 1090 1368; x_wconf 84' lang='lat' dir='ltr'><strong>inter</strong></span> <span class='ocrx_word' id='word_1_124' title='bbox 1128 1333 1185 1369; x_wconf 94' lang='lat' dir='ltr'><strong>se</strong></span> <span class='ocrx_word' id='word_1_125' title='bbox 1224 1315 1603 1385; x_wconf 91' lang='lat' dir='ltr'><strong>conloquendi,</strong></span> <span class='ocrx_word' id='word_1_126' title='bbox 1651 1315 1794 1385; x_wconf 92' lang='lat' dir='ltr'><strong>quod</strong></span> 
     </span>
     <span class='ocr_line' id='line_1_17' title="bbox 111 1387 1794 1459; baseline 0.001 -17"><span class='ocrx_word' id='word_1_127' title='bbox 111 1389 276 1443; x_wconf 87' lang='lat' dir='ltr'><strong>etiam</strong></span> <span class='ocrx_word' id='word_1_128' title='bbox 320 1389 464 1442; x_wconf 93' lang='lat' dir='ltr'><strong>idem</strong></span> <span class='ocrx_word' id='word_1_129' title='bbox 501 1407 599 1443; x_wconf 88' lang='lat' dir='ltr'><strong>vos</strong></span> <span class='ocrx_word' id='word_1_130' title='bbox 639 1389 910 1459; x_wconf 90' lang='lat' dir='ltr'><strong>quondam</strong></span> <span class='ocrx_word' id='word_1_131' title='bbox 946 1388 1122 1443; x_wconf 87' lang='lat' dir='ltr'><strong>facere</strong></span> <span class='ocrx_word' id='word_1_132' title='bbox 1153 1387 1327 1443; x_wconf 89' lang='lat' dir='ltr'><strong>Nonis</strong></span> <span class='ocrx_word' id='word_1_133' title='bbox 1367 1389 1651 1459; x_wconf 89' lang='lat' dir='ltr'><strong>solebatis;</strong></span> <span class='ocrx_word' id='word_1_134' title='bbox 1695 1407 1794 1443; x_wconf 92' lang='lat' dir='ltr'><strong>nec</strong></span> 
     </span>
     <span class='ocr_line' id='line_1_18' title="bbox 112 1462 1793 1534; baseline 0 -18"><span class='ocrx_word' id='word_1_135' title='bbox 112 1462 397 1533; x_wconf 90' lang='lat' dir='ltr'><strong>quisquam</strong></span> <span class='ocrx_word' id='word_1_136' title='bbox 449 1480 543 1516; x_wconf 87' lang='lat' dir='ltr'><strong>rex</strong></span> <span class='ocrx_word' id='word_1_137' title='bbox 586 1462 877 1516; x_wconf 89' lang='lat' dir='ltr'><strong>Persarum</strong></span> <span class='ocrx_word' id='word_1_138' title='bbox 930 1466 1116 1533; x_wconf 90' lang='lat' dir='ltr'><strong>potest</strong></span> <span class='ocrx_word' id='word_1_139' title='bbox 1171 1481 1311 1534; x_wconf 92' lang='lat' dir='ltr'><strong>esse,</strong></span> <span class='ocrx_word' id='word_1_140' title='bbox 1366 1463 1460 1533; x_wconf 91' lang='lat' dir='ltr'><strong>qui</strong></span> <span class='ocrx_word' id='word_1_141' title='bbox 1511 1481 1622 1518; x_wconf 94' lang='lat' dir='ltr'><strong>non</strong></span> <span class='ocrx_word' id='word_1_142' title='bbox 1668 1466 1793 1516; x_wconf 90' lang='lat' dir='ltr'><strong>ante</strong></span> 
     </span>
     <span class='ocr_line' id='line_1_19' title="bbox 111 1536 1794 1608; baseline -0.001 -17"><span class='ocrx_word' id='word_1_143' title='bbox 111 1554 407 1608; x_wconf 82' lang='lat' dir='ltr'><strong>magorum</strong></span> <span class='ocrx_word' id='word_1_144' title='bbox 442 1536 784 1607; x_wconf 89' lang='lat' dir='ltr'><strong>disciplinam</strong></span> <span class='ocrx_word' id='word_1_145' title='bbox 830 1536 1220 1607; x_wconf 81' lang='lat' dir='ltr'><strong>scientiamque</strong></span> <span class='ocrx_word' id='word_1_146' title='bbox 1264 1537 1581 1608; x_wconf 89' lang='lat' dir='ltr'><strong>perceperit.</strong></span> <span class='ocrx_word' id='word_1_147' title='bbox 1642 1536 1794 1591; x_wconf 90' lang='lat' dir='ltr'><strong>Licet</strong></span> 
     </span>
     <span class='ocr_line' id='line_1_20' title="bbox 112 1611 1795 1682; baseline 0 -18"><span class='ocrx_word' id='word_1_148' title='bbox 112 1613 294 1665; x_wconf 88' lang='lat' dir='ltr'><strong>autem</strong></span> <span class='ocrx_word' id='word_1_149' title='bbox 344 1611 525 1666; x_wconf 90' lang='lat' dir='ltr'><strong>videre</strong></span> <span class='ocrx_word' id='word_1_150' title='bbox 578 1613 634 1664; x_wconf 93' lang='lat' dir='ltr'><strong>et</strong></span> <span class='ocrx_word' id='word_1_151' title='bbox 687 1628 886 1682; x_wconf 85' lang='lat' dir='ltr'><strong>genera</strong></span> <span class='ocrx_word' id='word_1_152' title='bbox 940 1612 1204 1681; x_wconf 91' lang='lat' dir='ltr'><strong>quaedam</strong></span> <span class='ocrx_word' id='word_1_153' title='bbox 1259 1614 1315 1665; x_wconf 89' lang='lat' dir='ltr'><strong>et</strong></span> <span class='ocrx_word' id='word_1_154' title='bbox 1365 1611 1614 1665; x_wconf 91' lang='lat' dir='ltr'><strong>nationes</strong></span> <span class='ocrx_word' id='word_1_155' title='bbox 1669 1611 1795 1665; x_wconf 87' lang='lat' dir='ltr'><strong>huic</strong></span> 
     </span>
    </p>

    <p class='ocr_par' dir='ltr' id='par_1_7' title="bbox 0 1684 1797 2940">
     <span class='ocr_line' id='line_1_21' title="bbox 0 1684 1794 1755; baseline 0.002 -20"><span class='ocrx_word' id='word_1_156' title='bbox 0 1719 1 1722; x_wconf 20' lang='grc' dir='ltr'><strong>κ</strong></span> <span class='ocrx_word' id='word_1_157' title='bbox 46 1701 88 1734; x_wconf 76' lang='lat' dir='ltr'><strong>so</strong></span> <span class='ocrx_word' id='word_1_158' title='bbox 113 1685 368 1739; x_wconf 86' lang='lat' dir='ltr'><strong>scientiae</strong></span> <span class='ocrx_word' id='word_1_159' title='bbox 400 1684 622 1739; x_wconf 80' lang='lat' dir='ltr'><strong>deditas,</strong></span> <span class='ocrx_word' id='word_1_160' title='bbox 682 1684 989 1738; x_wconf 88' lang='lat' dir='ltr'><strong>Telmessus</strong></span> <span class='ocrx_word' id='word_1_161' title='bbox 1022 1685 1079 1739; x_wconf 91' lang='lat' dir='ltr'><strong>in</strong></span> <span class='ocrx_word' id='word_1_162' title='bbox 1107 1684 1268 1739; x_wconf 89' lang='lat' dir='ltr'><strong>Caria</strong></span> <span class='ocrx_word' id='word_1_163' title='bbox 1299 1689 1397 1755; x_wconf 91' lang='lat' dir='ltr'><strong>est,</strong></span> <span class='ocrx_word' id='word_1_164' title='bbox 1437 1704 1544 1755; x_wconf 90' lang='lat' dir='ltr'><strong>qua</strong></span> <span class='ocrx_word' id='word_1_165' title='bbox 1573 1685 1631 1738; x_wconf 91' lang='lat' dir='ltr'><strong>in</strong></span> <span class='ocrx_word' id='word_1_166' title='bbox 1660 1686 1794 1739; x_wconf 88' lang='lat' dir='ltr'><strong>urbe</strong></span> 
     </span>
     <span class='ocr_line' id='line_1_22' title="bbox 113 1758 1795 1830; baseline -0.001 -16"><span class='ocrx_word' id='word_1_167' title='bbox 113 1759 329 1814; x_wconf 87' lang='lat' dir='ltr'><strong>excellit</strong></span> <span class='ocrx_word' id='word_1_168' title='bbox 372 1758 721 1829; x_wconf 89' lang='lat' dir='ltr'><strong>haruspicum</strong></span> <span class='ocrx_word' id='word_1_169' title='bbox 760 1759 1067 1830; x_wconf 85' lang='lat' dir='ltr'><strong>disciplina3</strong></span> <span class='ocrx_word' id='word_1_170' title='bbox 1112 1759 1351 1829; x_wconf 91' lang='lat' dir='ltr'><strong>itemque</strong></span> <span class='ocrx_word' id='word_1_171' title='bbox 1389 1758 1509 1812; x_wconf 85' lang='lat' dir='ltr'><strong>Elis</strong></span> <span class='ocrx_word' id='word_1_172' title='bbox 1547 1759 1606 1812; x_wconf 94' lang='lat' dir='ltr'><strong>in</strong></span> <span class='ocrx_word' id='word_1_173' title='bbox 1642 1758 1795 1813; x_wconf 91' lang='lat' dir='ltr'><strong>Pelo·</strong></span> 
     </span>
     <span class='ocr_line' id='line_1_23' title="bbox 112 1832 1794 1904; baseline -0.001 -16"><span class='ocrx_word' id='word_1_174' title='bbox 112 1850 352 1904; x_wconf 91' lang='lat' dir='ltr'><strong>ponneso</strong></span> <span class='ocrx_word' id='word_1_175' title='bbox 388 1832 627 1887; x_wconf 88' lang='lat' dir='ltr'><strong>familias</strong></span> <span class='ocrx_word' id='word_1_176' title='bbox 667 1832 799 1887; x_wconf 86' lang='lat' dir='ltr'><strong>duas</strong></span> <span class='ocrx_word' id='word_1_177' title='bbox 831 1836 1006 1887; x_wconf 89' lang='lat' dir='ltr'><strong>certas</strong></span> <span class='ocrx_word' id='word_1_178' title='bbox 1036 1833 1218 1904; x_wconf 86' lang='lat' dir='ltr'><strong>habet,</strong></span> <span class='ocrx_word' id='word_1_179' title='bbox 1255 1833 1587 1887; x_wconf 86' lang='lat' dir='ltr'><strong>Iamidarum</strong></span> <span class='ocrx_word' id='word_1_180' title='bbox 1615 1852 1794 1903; x_wconf 91' lang='lat' dir='ltr'><strong>unam,</strong></span> 
     </span>
     <span class='ocr_line' id='line_1_24' title="bbox 113 1905 1794 1978; baseline 0.001 -18"><span class='ocrx_word' id='word_1_181' title='bbox 113 1907 343 1961; x_wconf 89' lang='lat' dir='ltr'><strong>alteram</strong></span> <span class='ocrx_word' id='word_1_182' title='bbox 383 1905 735 1977; x_wconf 86' lang='lat' dir='ltr'><strong>Clutidarum,</strong></span> <span class='ocrx_word' id='word_1_183' title='bbox 772 1907 1150 1977; x_wconf 88' lang='lat' dir='ltr'><strong>haruspicinae</strong></span> <span class='ocrx_word' id='word_1_184' title='bbox 1187 1907 1477 1962; x_wconf 90' lang='lat' dir='ltr'><strong>nobilitate</strong></span> <span class='ocrx_word' id='word_1_185' title='bbox 1515 1910 1794 1978; x_wconf 87' lang='lat' dir='ltr'><strong>praestan-</strong></span> 
     </span>
     <span class='ocr_line' id='line_1_25' title="bbox 112 1978 1792 2052; baseline -0.001 -17"><span class='ocrx_word' id='word_1_186' title='bbox 112 1983 211 2036; x_wconf 88' lang='lat' dir='ltr'><strong>tes.</strong></span> <span class='ocrx_word' id='word_1_187' title='bbox 269 1980 337 2034; x_wconf 94' lang='lat' dir='ltr'><strong>In</strong></span> <span class='ocrx_word' id='word_1_188' title='bbox 373 1978 531 2051; x_wconf 83' lang='lat' dir='ltr'><strong>Syria</strong></span> <span class='ocrx_word' id='word_1_189' title='bbox 569 1979 828 2036; x_wconf 88' lang='lat' dir='ltr'><strong>Chaldaei</strong></span> <span class='ocrx_word' id='word_1_190' title='bbox 866 1981 1177 2052; x_wconf 87' lang='lat' dir='ltr'><strong>cognitione</strong></span> <span class='ocrx_word' id='word_1_191' title='bbox 1216 1984 1491 2036; x_wconf 90' lang='lat' dir='ltr'><strong>astrorum</strong></span> <span class='ocrx_word' id='word_1_192' title='bbox 1529 1982 1792 2035; x_wconf 90' lang='lat' dir='ltr'><strong>sollertia-</strong></span> 
     </span>
     <span class='ocr_line' id='line_1_26' title="bbox 46 2054 1794 2126; baseline 0.001 -18"><span class='ocrx_word' id='word_1_193' title='bbox 46 2069 90 2103; x_wconf 72' lang='lat'><strong>25</strong></span> <span class='ocrx_word' id='word_1_194' title='bbox 114 2072 217 2125; x_wconf 89' lang='lat' dir='ltr'><strong>que</strong></span> <span class='ocrx_word' id='word_1_195' title='bbox 259 2054 601 2126; x_wconf 84' lang='lat' dir='ltr'><strong>ingeniorum</strong></span> <span class='ocrx_word' id='word_1_196' title='bbox 640 2055 985 2109; x_wconf 88' lang='lat' dir='ltr'><strong>antecellunt.</strong></span> <span class='ocrx_word' id='word_1_197' title='bbox 1060 2055 1284 2109; x_wconf 89' lang='lat' dir='ltr'><strong>Etruria</strong></span> <span class='ocrx_word' id='word_1_198' title='bbox 1322 2059 1504 2109; x_wconf 91' lang='lat' dir='ltr'><strong>autem</strong></span> <span class='ocrx_word' id='word_1_199' title='bbox 1543 2055 1607 2109; x_wconf 90' lang='lat' dir='ltr'><strong>de</strong></span> <span class='ocrx_word' id='word_1_200' title='bbox 1646 2057 1794 2110; x_wconf 87' lang='lat' dir='ltr'><strong>caelo</strong></span> 
     </span>
     <span class='ocr_line' id='line_1_27' title="bbox 112 2127 1797 2200; baseline 0 -18"><span class='ocrx_word' id='word_1_201' title='bbox 112 2131 262 2183; x_wconf 86' lang='lat' dir='ltr'><strong>tacta</strong></span> <span class='ocrx_word' id='word_1_202' title='bbox 324 2127 699 2183; x_wconf 86' lang='lat' dir='ltr'><strong>scientissume</strong></span> <span class='ocrx_word' id='word_1_203' title='bbox 753 2129 1136 2183; x_wconf 87' lang='lat' dir='ltr'><strong>animadvertit</strong></span> <span class='ocrx_word' id='word_1_204' title='bbox 1191 2130 1482 2199; x_wconf 89' lang='lat' dir='ltr'><strong>eademque</strong></span> <span class='ocrx_word' id='word_1_205' title='bbox 1537 2129 1797 2200; x_wconf 89' lang='lat' dir='ltr'><strong>interpre-</strong></span> 
     </span>
     <span class='ocr_line' id='line_1_28' title="bbox 112 2202 1797 2274; baseline 0.001 -18"><span class='ocrx_word' id='word_1_206' title='bbox 112 2205 275 2272; x_wconf 90' lang='lat' dir='ltr'><strong>tatur,</strong></span> <span class='ocrx_word' id='word_1_207' title='bbox 316 2202 444 2274; x_wconf 90' lang='lat' dir='ltr'><strong>quid</strong></span> <span class='ocrx_word' id='word_1_208' title='bbox 484 2202 784 2273; x_wconf 89' lang='lat' dir='ltr'><strong>quibusque</strong></span> <span class='ocrx_word' id='word_1_209' title='bbox 823 2203 1140 2256; x_wconf 89' lang='lat' dir='ltr'><strong>ostendatur</strong></span> <span class='ocrx_word' id='word_1_210' title='bbox 1177 2204 1436 2258; x_wconf 90' lang='lat' dir='ltr'><strong>monstris</strong></span> <span class='ocrx_word' id='word_1_211' title='bbox 1477 2205 1639 2273; x_wconf 88' lang='lat' dir='ltr'><strong>atque</strong></span> <span class='ocrx_word' id='word_1_212' title='bbox 1676 2222 1797 2274; x_wconf 86' lang='lat' dir='ltr'><strong>por-</strong></span> 
     </span>
     <span class='ocr_line' id='line_1_29' title="bbox 113 2275 1796 2347; baseline 0.001 -17"><span class='ocrx_word' id='word_1_213' title='bbox 113 2276 294 2330; x_wconf 91' lang='lat' dir='ltr'><strong>tentis.</strong></span> <span class='ocrx_word' id='word_1_214' title='bbox 363 2275 625 2340; x_wconf 82' lang='lat' dir='ltr'><strong>Quocirca</strong></span> <span class='ocrx_word' id='word_1_215' title='bbox 668 2277 804 2330; x_wconf 91' lang='lat' dir='ltr'><strong>bene</strong></span> <span class='ocrx_word' id='word_1_216' title='bbox 851 2277 994 2347; x_wconf 90' lang='lat' dir='ltr'><strong>apud</strong></span> <span class='ocrx_word' id='word_1_217' title='bbox 1039 2278 1272 2332; x_wconf 89' lang='lat' dir='ltr'><strong>maiores</strong></span> <span class='ocrx_word' id='word_1_218' title='bbox 1317 2280 1536 2332; x_wconf 90' lang='lat' dir='ltr'><strong>nostros</strong></span> <span class='ocrx_word' id='word_1_219' title='bbox 1576 2280 1796 2331; x_wconf 91' lang='lat' dir='ltr'><strong>senatus</strong></span> 
     </span>
     <span class='ocr_line' id='line_1_30' title="bbox 114 2350 1797 2422; baseline 0.001 -18"><span class='ocrx_word' id='word_1_220' title='bbox 114 2353 248 2421; x_wconf 93' lang='lat' dir='ltr'><strong>tum,</strong></span> <span class='ocrx_word' id='word_1_221' title='bbox 279 2368 401 2405; x_wconf 93' lang='lat' dir='ltr'><strong>cum</strong></span> <span class='ocrx_word' id='word_1_222' title='bbox 431 2350 660 2405; x_wconf 86' lang='lat' dir='ltr'><strong>florebat</strong></span> <span class='ocrx_word' id='word_1_223' title='bbox 688 2351 991 2421; x_wconf 89' lang='lat' dir='ltr'><strong>imperium,</strong></span> <span class='ocrx_word' id='word_1_224' title='bbox 1023 2351 1271 2421; x_wconf 88' lang='lat' dir='ltr'><strong>decrevit,</strong></span> <span class='ocrx_word' id='word_1_225' title='bbox 1303 2354 1366 2405; x_wconf 93' lang='lat' dir='ltr'><strong>ut</strong></span> <span class='ocrx_word' id='word_1_226' title='bbox 1397 2351 1460 2405; x_wconf 92' lang='lat' dir='ltr'><strong>de</strong></span> <span class='ocrx_word' id='word_1_227' title='bbox 1492 2351 1797 2422; x_wconf 88' lang='lat' dir='ltr'><strong>principum</strong></span> 
     </span>
     <span class='ocr_line' id='line_1_31' title="bbox 47 2423 1795 2496; baseline 0 -18"><span class='ocrx_word' id='word_1_228' title='bbox 47 2438 92 2472; x_wconf 77' lang='lat'><strong>³0</strong></span> <span class='ocrx_word' id='word_1_229' title='bbox 112 2423 239 2478; x_wconf 86' lang='lat' dir='ltr'><strong>filiis</strong></span> <span class='ocrx_word' id='word_1_230' title='bbox 289 2439 330 2479; x_wconf 86' lang='lat' dir='ltr'>x</span> <span class='ocrx_word' id='word_1_231' title='bbox 379 2442 445 2479; x_wconf 87' lang='lat' dir='ltr'><strong>ex</strong></span> <span class='ocrx_word' id='word_1_232' title='bbox 494 2424 725 2496; x_wconf 90' lang='lat' dir='ltr'><strong>singulis</strong></span> <span class='ocrx_word' id='word_1_233' title='bbox 775 2425 1028 2479; x_wconf 88' lang='lat' dir='ltr'><strong>Etruriae</strong></span> <span class='ocrx_word' id='word_1_234' title='bbox 1078 2426 1295 2496; x_wconf 91' lang='lat' dir='ltr'><strong>populis</strong></span> <span class='ocrx_word' id='word_1_235' title='bbox 1345 2425 1403 2479; x_wconf 93' lang='lat' dir='ltr'><strong>in</strong></span> <span class='ocrx_word' id='word_1_236' title='bbox 1453 2425 1795 2496; x_wconf 91' lang='lat' dir='ltr'><strong>disciplinam</strong></span> 
     </span>
     <span class='ocr_line' id='line_1_32' title="bbox 111 2497 1795 2572; baseline -0.001 -20"><span class='ocrx_word' id='word_1_237' title='bbox 111 2497 470 2568; x_wconf 89' lang='lat' dir='ltr'><strong>traderentur,</strong></span> <span class='ocrx_word' id='word_1_238' title='bbox 498 2516 566 2552; x_wconf 90' lang='lat' dir='ltr'><strong>ne</strong></span> <span class='ocrx_word' id='word_1_239' title='bbox 598 2517 686 2552; x_wconf 90' lang='lat' dir='ltr'><strong>ars</strong></span> <span class='ocrx_word' id='word_1_240' title='bbox 718 2501 874 2552; x_wconf 90' lang='lat' dir='ltr'><strong>tanta</strong></span> <span class='ocrx_word' id='word_1_241' title='bbox 904 2502 1129 2572; x_wconf 80' lang='lat' dir='ltr'><strong>propter</strong></span> <span class='ocrx_word' id='word_1_242' title='bbox 1159 2500 1484 2554; x_wconf 88' lang='lat' dir='ltr'><strong>tenuitatem</strong></span> <span class='ocrx_word' id='word_1_243' title='bbox 1515 2499 1795 2553; x_wconf 89' lang='lat' dir='ltr'><strong>hominum</strong></span> 
     </span>
     <span class='ocr_line' id='line_1_33' title="bbox 114 2571 1794 2644; baseline 0 -18"><span class='ocrx_word' id='word_1_244' title='bbox 114 2590 147 2626; x_wconf 88' lang='lat' dir='ltr'><strong>a</strong></span> <span class='ocrx_word' id='word_1_245' title='bbox 176 2571 458 2644; x_wconf 85' lang='lat' dir='ltr'><strong>religionis</strong></span> <span class='ocrx_word' id='word_1_246' title='bbox 491 2572 814 2626; x_wconf 89' lang='lat' dir='ltr'><strong>auctoritate</strong></span> <span class='ocrx_word' id='word_1_247' title='bbox 839 2572 1193 2627; x_wconf 87' lang='lat' dir='ltr'><strong>abduceretur</strong></span> <span class='ocrx_word' id='word_1_248' title='bbox 1218 2574 1286 2627; x_wconf 90' lang='lat' dir='ltr'><strong>ad</strong></span> <span class='ocrx_word' id='word_1_249' title='bbox 1310 2574 1608 2627; x_wconf 83' lang='lat' dir='ltr'><strong>mercedem</strong></span> <span class='ocrx_word' id='word_1_250' title='bbox 1633 2575 1794 2642; x_wconf 91' lang='lat' dir='ltr'><strong>atque</strong></span> 
     </span>
     <span class='ocr_line' id='line_1_34' title="bbox 115 2645 1796 2718; baseline -0.001 -18"><span class='ocrx_word' id='word_1_251' title='bbox 115 2649 413 2717; x_wconf 88' lang='lat' dir='ltr'><strong>quaestum.</strong></span> <span class='ocrx_word' id='word_1_252' title='bbox 479 2645 726 2718; x_wconf 83' lang='lat' dir='ltr'><strong>Phryges</strong></span> <span class='ocrx_word' id='word_1_253' title='bbox 780 2649 962 2700; x_wconf 89' lang='lat' dir='ltr'><strong>autem</strong></span> <span class='ocrx_word' id='word_1_254' title='bbox 1015 2650 1070 2700; x_wconf 93' lang='lat' dir='ltr'><strong>et</strong></span> <span class='ocrx_word' id='word_1_255' title='bbox 1122 2647 1337 2701; x_wconf 87' lang='lat' dir='ltr'><strong>Pisidae</strong></span> <span class='ocrx_word' id='word_1_256' title='bbox 1392 2650 1447 2701; x_wconf 88' lang='lat' dir='ltr'><strong>et</strong></span> <span class='ocrx_word' id='word_1_257' title='bbox 1493 2645 1685 2700; x_wconf 85' lang='lat' dir='ltr'><strong>Cilices</strong></span> <span class='ocrx_word' id='word_1_258' title='bbox 1740 2649 1796 2699; x_wconf 85' lang='lat' dir='ltr'><strong>et</strong></span> 
     </span>
     <span class='ocr_line' id='line_1_35' title="bbox 113 2720 1796 2792; baseline -0.001 -17"><span class='ocrx_word' id='word_1_259' title='bbox 113 2720 358 2775; x_wconf 86' lang='lat' dir='ltr'><strong>Arabum</strong></span> <span class='ocrx_word' id='word_1_260' title='bbox 401 2720 554 2775; x_wconf 87' lang='lat' dir='ltr'><strong>natio</strong></span> <span class='ocrx_word' id='word_1_261' title='bbox 600 2720 781 2774; x_wconf 91' lang='lat' dir='ltr'><strong>avium</strong></span> <span class='ocrx_word' id='word_1_262' title='bbox 827 2720 1314 2792; x_wconf 88' lang='lat' dir='ltr'><strong>significationibus</strong></span> <span class='ocrx_word' id='word_1_263' title='bbox 1362 2720 1658 2792; x_wconf 91' lang='lat' dir='ltr'><strong>plurimum</strong></span> <span class='ocrx_word' id='word_1_264' title='bbox 1704 2720 1796 2774; x_wconf 92' lang='lat' dir='ltr'><strong>ob-</strong></span> 
     </span>
     <span class='ocr_line' id='line_1_36' title="bbox 47 2793 1794 2866; baseline 0 -18"><span class='ocrx_word' id='word_1_265' title='bbox 47 2806 92 2842; x_wconf 78' lang='lat'><strong>⁸⁶</strong></span> <span class='ocrx_word' id='word_1_266' title='bbox 113 2796 435 2866; x_wconf 82' lang='lat' dir='ltr'><strong>temperant,</strong></span> <span class='ocrx_word' id='word_1_267' title='bbox 466 2794 610 2866; x_wconf 89' lang='lat' dir='ltr'><strong>quod</strong></span> <span class='ocrx_word' id='word_1_268' title='bbox 638 2793 781 2847; x_wconf 92' lang='lat' dir='ltr'><strong>idem</strong></span> <span class='ocrx_word' id='word_1_269' title='bbox 803 2793 1114 2849; x_wconf 88' lang='lat' dir='ltr'><strong>factitatum</strong></span> <span class='ocrx_word' id='word_1_270' title='bbox 1137 2795 1195 2848; x_wconf 93' lang='lat' dir='ltr'><strong>in</strong></span> <span class='ocrx_word' id='word_1_271' title='bbox 1218 2795 1450 2849; x_wconf 90' lang='lat' dir='ltr'><strong>Umbria</strong></span> <span class='ocrx_word' id='word_1_272' title='bbox 1474 2794 1794 2864; x_wconf 89' lang='lat' dir='ltr'><strong>accepimus.</strong></span> 
     </span>
     <span class='ocr_line' id='line_1_37' title="bbox 223 2867 1771 2940; baseline 0 -18"><span class='ocrx_word' id='word_1_273' title='bbox 223 2868 306 2923; x_wconf 89' lang='lat' dir='ltr'><strong>Ac</strong></span> <span class='ocrx_word' id='word_1_274' title='bbox 342 2868 478 2922; x_wconf 86' lang='lat' dir='ltr'><strong>mihi</strong></span> <span class='ocrx_word' id='word_1_275' title='bbox 516 2868 732 2939; x_wconf 91' lang='lat' dir='ltr'><strong>quidem</strong></span> <span class='ocrx_word' id='word_1_276' title='bbox 761 2867 1012 2922; x_wconf 90' lang='lat' dir='ltr'><strong>videntur</strong></span> <span class='ocrx_word' id='word_1_277' title='bbox 1042 2887 1071 2923; x_wconf 91' lang='lat' dir='ltr'><strong>e</strong></span> <span class='ocrx_word' id='word_1_278' title='bbox 1102 2869 1236 2923; x_wconf 92' lang='lat' dir='ltr'><strong>locis</strong></span> <span class='ocrx_word' id='word_1_279' title='bbox 1269 2887 1480 2940; x_wconf 90' lang='lat' dir='ltr'><strong>quoque</strong></span> <span class='ocrx_word' id='word_1_280' title='bbox 1510 2868 1661 2938; x_wconf 90' lang='lat' dir='ltr'><strong>ipsis,</strong></span> <span class='ocrx_word' id='word_1_281' title='bbox 1702 2886 1771 2938; x_wconf 92' lang='lat' dir='ltr'><strong>qu</strong></span> 
     </span>
    </p>

    <p class='ocr_par' dir='ltr' id='par_1_8' title="bbox 113 2942 1792 3014">
     <span class='ocr_line' id='line_1_38' title="bbox 113 2942 1792 3014; baseline -0.001 -17"><span class='ocrx_word' id='word_1_282' title='bbox 113 2960 148 2997; x_wconf 79' lang='lat' dir='ltr'><strong>a</strong></span> <span class='ocrx_word' id='word_1_283' title='bbox 185 2942 484 3013; x_wconf 87' lang='lat' dir='ltr'><strong>quibusque</strong></span> <span class='ocrx_word' id='word_1_284' title='bbox 522 2942 921 3013; x_wconf 87' lang='lat' dir='ltr'><strong>incolebantur,</strong></span> <span class='ocrx_word' id='word_1_285' title='bbox 958 2942 1351 2997; x_wconf 87' lang='lat' dir='ltr'><strong>divinationum</strong></span> <span class='ocrx_word' id='word_1_286' title='bbox 1391 2943 1792 3014; x_wconf 88' lang='lat' dir='ltr'><strong>oportunitates</strong></span> 
     </span>
    </p>

    <p class='ocr_par' dir='ltr' id='par_1_9' title="bbox 1350 3030 1437 3075">
     <span class='ocr_line' id='line_1_39' title="bbox 1350 3030 1437 3075; baseline -0.011 0"><span class='ocrx_word' id='word_1_287' title='bbox 1350 3030 1437 3075; x_wconf 81' lang='lat'><strong>12*</strong></span> 
     </span>
    </p>
   </div>
   <div class='ocr_carea' id='block_1_7' title="bbox 1825 1402 1878 1442">
    <p class='ocr_par' dir='ltr' id='par_1_10' title="bbox 1825 1402 1878 1442">
     <span class='ocr_line' id='line_1_40' title="bbox 1825 1402 1878 1442; baseline -0.019 0"><span class='ocrx_word' id='word_1_288' title='bbox 1825 1402 1878 1442; x_wconf 88' lang='grc'><strong>91</strong></span> 
     </span>
    </p>
   </div>
   <div class='ocr_carea' id='block_1_8' title="bbox 1828 2069 1882 2108">
    <p class='ocr_par' dir='ltr' id='par_1_11' title="bbox 1828 2069 1882 2108">
     <span class='ocr_line' id='line_1_41' title="bbox 1828 2069 1882 2108; baseline -0.019 0"><span class='ocrx_word' id='word_1_289' title='bbox 1828 2069 1882 2108; x_wconf 79' lang='lat'><strong>92</strong></span> 
     </span>
    </p>
   </div>
   <div class='ocr_carea' id='block_1_9' title="bbox 1774 2843 1882 2948">
    <p class='ocr_par' dir='ltr' id='par_1_12' title="bbox 1774 2843 1882 2948">
     <span class='ocr_line' id='line_1_42' title="bbox 1774 2843 1882 2922; baseline 0.009 -27"><span class='ocrx_word' id='word_1_290' title='bbox 1774 2868 1794 2922; x_wconf 65' lang='lat' dir='ltr'>i</span> <span class='ocrx_word' id='word_1_291' title='bbox 1811 2843 1882 2896; x_wconf 83' lang='lat'><strong>42</strong></span> 
     </span>
     <span class='ocr_line' id='line_1_43' title="bbox 1825 2909 1879 2948; baseline -0.037 0"><span class='ocrx_word' id='word_1_292' title='bbox 1825 2909 1879 2948; x_wconf 90' lang='grc'><strong>93</strong></span> 
     </span>
    </p>
   </div>
  </div>
 </body>
</html>
