2002 3178
522 145 633 192 LIB.
666 146 724 192 H.
763 146 891 193 GAP.
925 151 1113 192 25-28.
1153 151 1179 201 ἓ
1212 152 1398 192 54-60,
1695 147 1800 200 21Ἰ

124 267 260 323 Cum
300 267 473 340 igitur
510 266 615 322 hoc
653 266 856 322 animal
894 270 1010 321 tam
1049 265 1123 320 sit
1160 284 1419 321 canorum
1458 285 1557 322 sua
1595 270 1805 339 sponte,

125 341 253 413 quid
295 341 355 396 in
398 344 635 395 mentem
680 341 830 395 venit
875 340 1201 396 Callistheni
1248 341 1421 395 dicere
1467 341 1595 396 deos
1642 343 1805 414 gallis
1847 342 1850 343 ⁷

124 433 341 544 sii-{num
377 414 587 470 dedisse
616 414 895 543 ‘cgntandss
931 433 1054 470 cum
1091 414 1148 468 id
1186 414 1273 469 vel
1303 417 1501 469 natura
1530 416 1618 470 vel
1648 434 1804 470 casus

77 577 102 612 ο
124 508 152 544 e
215 489 756 636 cgssgffiiildisgluisse
802 562 1014 616 senatui
1050 562 1361 617 nuntiatum
1400 566 1506 634 est,
1545 562 1803 618 Atratum
1822 532 1890 636 25}

124 637 289 692 etiam
322 637 547 691 fluvium
575 636 794 690 fluxisse
825 635 1105 720 sanguine,
1139 636 1360 690 deorum
1393 637 1613 692 sudasse
1646 638 1806 692 simu·

123 711 285 767 lacra.
359 709 507 765 Num
544 728 728 765 censes
767 709 853 764 his
890 710 1096 764 nuntiis
1135 710 1346 764 Thalen
1384 714 1479 765 aut
1518 711 1805 784 Anaxago·

122 803 222 839 ran
266 787 362 840 aut
406 803 731 855 quemquam
767 783 1052 855 physicum
1091 784 1420 839 crediturum
1458 785 1663 840 fuisse?
1709 805 1805 841 nec

123 859 267 914 enim
304 858 528 930 sanguis
564 877 664 914 nec
692 859 857 912 sudor
887 858 993 912 nisi
1024 876 1052 912 e
1084 876 1322 929 corpore.
1375 857 1480 912 Sed
1511 863 1566 913 et
1599 860 1805 915 decolo-

63 948 101 981 ιο
122 933 266 988 ratio
315 932 579 1003 quaedam
617 950 683 987 ex
721 933 905 1002 aliqua
942 932 1264 1003 contagione
1303 936 1519 987 terrena
1557 952 1805 988 maxume

123 1008 308 1078 potest
345 1006 599 1079 sanguini
636 1005 832 1059 similis
872 1024 1004 1076 esse,
1043 1009 1099 1060 et
1135 1024 1292 1060 umor
1325 1007 1578 1077 adlapsus
1610 1009 1806 1062 extrin-

124 1098 292 1151 secus,
329 1083 392 1135 ut
426 1079 509 1134 in*
521 1080 765 1134 tectoriis
796 1079 1039 1134 videmus
1072 1083 1274 1149 austro,
1313 1081 1564 1135 sudorem
1595 1082 1807 1136 videtur

123 1153 342 1208 imitari.
410 1153 593 1224 Atque
638 1154 772 1208 haec
809 1153 868 1207 in
904 1154 1051 1208 bello
1091 1154 1251 1224 plura
1290 1157 1344 1208 et
1383 1155 1592 1210 maiora
1628 1156 1807 1210 viden·

125 1232 215 1283 tur
262 1227 605 1297 timentibus,
654 1228 840 1282 eadem
889 1245 1000 1282 non
1045 1230 1159 1281 tam
1210 1227 1714 1284 animadvertuntur
1750 1231 1808 1283 in

60 1316 102 1351 ιε
123 1320 279 1374 pace3
323 1301 529 1357 accedit
571 1301 710 1355 illud
754 1301 920 1355 et1am
929 1343 943 1371 ,
991 1301 1134 1371 quod
1179 1301 1236 1355 in
1280 1306 1429 1356 metu
1475 1307 1530 1357 et
1567 1304 1805 1374 periculo

124 1395 247 1431 cum
285 1375 575 1431 creduntur
609 1375 848 1446 facilius,
886 1379 1004 1429 tum
1042 1376 1323 1447 finguntur
1359 1376 1629 1447 inpunius
1689 1377 1805 1433 Nos
1838 1389 1892 1428 59

125 1453 308 1506 autem
345 1450 426 1504 ita
462 1450 607 1504 leves
647 1452 809 1519 atque
847 1449 1232 1504 inconsiderati
1264 1467 1464 1521 sumus,
1503 1455 1578 1522 ut,
1617 1452 1663 1506 si
1695 1472 1806 1506 mu·

123 1542 211 1579 res
255 1523 584 1579 corroserint
629 1523 856 1594 aliquid,
904 1541 1132 1594 quorum
1180 1527 1265 1577 est
1310 1542 1445 1595 opus
1484 1525 1587 1580 hoc
1625 1545 1806 1596 unum,

125 1600 430 1652 monstrum
459 1598 748 1668 putemus?
794 1597 939 1651 Ante
968 1616 1096 1651 vero
1120 1597 1410 1652 Marsicum
1435 1599 1639 1653 bellum
1665 1569 1807 1671 quod

30 1674 104 1719 '2⁰
125 1671 328 1742 clipeos
365 1670 616 1741 Lanuvii,
653 1674 716 1725 ut
754 1690 787 1725 a
824 1674 879 1725 te
918 1671 1121 1725 dictum
1159 1675 1264 1742 est,
1310 1691 1489 1727 mures
1528 1675 1806 1744 rosissent,

125 1763 436 1800 maxumum
458 1745 511 1798 id
536 1748 849 1816 portentum
871 1745 1184 1816 haruspices
1211 1763 1327 1800 esse
1352 1746 1620 1818 dixerunt3
1652 1749 1807 1818 quasi

125 1837 253 1874 vcro
301 1819 585 1889 quicquam
633 1819 872 1889 intersit,
927 1837 1106 1873 mures
1154 1820 1295 1874 diem
1340 1823 1554 1875 noctem
1601 1823 1807 1893 aliquid

126 1893 375 1948 rodentes
415 1896 570 1947 scuta
607 1911 676 1946 an
714 1893 892 1947 cribra
931 1893 1278 1947 corroserint!
1335 1893 1478 1949 Nam
1513 1895 1560 1949 si
1590 1895 1699 1950 ista
1730 1915 1807 1950 se·

127 1967 356 2038 quimur,
396 1967 539 2037 quod
569 1966 815 2020 Platonis
846 1966 1087 2021 Politian
1123 1986 1295 2038 nuper
1334 1969 1476 2038 apud
1511 1988 1596 2023 me
1628 1989 1806 2024 mures

60 2053 103 2087 2⁵
127 2043 486 2109 corroserunt,
525 2040 590 2093 de
628 2058 687 2094 re
725 2040 945 2111 publica
983 2040 1143 2094 debui
1181 2041 1573 2112 pertimescere,
1612 2047 1722 2114 aut,
1760 2045 1806 2098 si

125 2114 349 2184 Epicuri
386 2114 450 2167 de
487 2114 771 2184 voluptate
810 2114 947 2167 liber
983 2132 1137 2168 rosus
1170 2117 1328 2185 esset,
1366 2118 1615 2186 putarem
1646 2136 1807 2171 anno-

126 2206 253 2242 nam
290 2187 350 2241 in
387 2188 614 2242 macello
654 2187 915 2241 cariorem
953 2187 1084 2241 fore.

236 2261 326 2316 An
364 2279 491 2316 vero
528 2261 628 2315 illa
662 2279 760 2314 nos
792 2264 1015 2331 terrent,
1054 2260 1101 2315 si
1133 2261 1345 2331 quando
1379 2262 1562 2332 aliqua
1591 2266 1806 2333 porten·
1824 2238 1893 2343 2580

127 2339 250 2390 tosa
303 2338 398 2390 aut
449 2341 545 2389 ex·
566 2335 767 2406 pecude
822 2337 917 2388 aut
970 2352 1034 2388 ex
1078 2334 1296 2389 homine
1341 2339 1472 2389 nata
1518 2336 1805 2392 dicuntur?

60 2421 105 2456 ω
130 2427 359 2480 quorum
396 2408 651 2478 omnium,
687 2426 755 2462 ne
789 2407 892 2461 sim
923 2408 1154 2480 longior,
1191 2427 1299 2463 una
1329 2411 1469 2464 ratio
1504 2413 1600 2464 est.
1655 2410 1807 2473 Quic-

129 2482 258 2553 quid
294 2482 438 2537 enim
475 2483 670 2551 oritur,
709 2482 1094 2552 qualecumque
1134 2485 1238 2552 est,
1278 2501 1497 2537 causam
1535 2483 1736 2538 habeat
1775 2504 1807 2539 a

126 2559 323 2611 natura
357 2574 576 2611 necesse
614 2558 712 2625 est,
751 2558 826 2623 ut,
865 2555 1079 2609 etiamsi
1116 2559 1332 2627 praeter
1367 2558 1805 2612 consuetudinem

128 2629 391 2700 extiterit,
435 2632 651 2700 praeter
693 2631 946 2683 naturam
982 2632 1167 2683 tamen
1202 2648 1313 2683 non
1349 2631 1525 2700 possit
1563 2631 1805 2685 existere.

129 2702 361 2758 Causam
404 2703 575 2775 igitur
622 2702 953 2773 investigato
998 2703 1056 2756 in
1100 2721 1158 2757 re
1199 2722 1341 2758 nova
1379 2707 1540 2773 atque
1580 2705 1806 2768 admira·

62 2789 106 2824 ³⁶
128 2776 251 2846 bili,
297 2777 345 2831 si
388 2776 617 2847 poteris3
671 2775 719 2829 si
760 2776 970 2830 nullam
1014 2776 1270 2847 reperieS,
1316 2777 1451 2831 illud
1492 2781 1676 2831 tamen
1721 2797 1805 2832 ex·

127 2850 403 2921 ploratum
441 2850 656 2919 habet0,
694 2849 831 2903 nihil
869 2850 987 2904 fieri
1023 2850 1265 2922 potuisse
1303 2850 1417 2904 sine
1449 2870 1625 2921 causa,
1662 2870 1805 2906 eum-

130 2941 233 2992 que
270 2928 549 2993 terrorem,
588 2942 747 2993 quem
785 2923 888 2976 tibi
922 2923 1001 2978 rei
1031 2924 1245 2978 novitas
1279 2925 1539 2989 attulerit,
1577 2929 1802 2980 naturae
