2002 3178
215 150 319 203 156
670 155 672 157 ’
786 146 866 191 DE
897 144 1298 190 DIVINATIONE

127 284 179 323 28
213 288 318 338 ore,
357 286 477 322 cum
507 266 786 349 pascitur3·
808 266 952 336 quod
982 268 1162 318 autem
1194 264 1454 335 scriptum
1484 263 1697 318 habetis
1719 262 1760 333 †
1782 266 1878 318 aut

211 341 506 411 tripudium
554 340 692 408 fieri,
743 340 790 392 si
841 357 911 392 ex
953 356 1017 392 ea
1066 337 1194 407 quid
1240 337 1297 390 in
1343 337 1575 391 solidum
1613 337 1876 406 ceciderit,

210 415 312 468 hoc
351 431 574 483 quoque,
614 412 757 482 quod
788 412 911 481 dixi,
948 414 1192 465 coactum
1222 410 1520 480 tripudium
1550 378 1877 464 solistimum

144 491 149 546 ¹,-
212 488 403 540 dicitis.
477 486 668 555 Itaque
713 485 887 538 multa
923 484 1171 555 auguria,
1217 485 1389 537 multa
1425 483 1683 554 auspicia,
1736 483 1879 553 quod

144 604 148 609 ,
212 560 347 615 Cato
384 560 478 613 ille
518 559 729 628 sapiens
769 557 1023 627 queritur,
1059 557 1404 628 neglegentia
1433 557 1649 628 collegii
1679 557 1879 611 amissa
1901 571 1922 605 8

210 635 371 704 plane
411 636 466 686 et
504 633 717 686 deserta
754 634 894 685 sunt.

129 713 194 766 16
321 705 474 759 Nihil
522 705 635 759 fere
673 705 942 775 quondam
979 703 1198 757 maioris
1235 703 1315 757 rei
1351 703 1458 756 nisi
1495 702 1774 774 auspicato
1811 721 1880 757 ne

211 780 468 851 privatim
507 778 723 848 quidem
762 777 1071 849 gerebatur,
1114 776 1257 846 quod
1295 777 1458 830 etiam
1494 794 1636 831 nunc
1670 776 1880 847 nuptia·

210 872 332 907 rum
371 852 613 922 auspices
653 851 944 921 declarant,
984 850 1076 920 qui
1112 868 1169 904 re
1209 849 1411 904 omissa
1438 868 1636 903 nomen
1665 852 1879 903 tantum

143 935 150 971 ἔ
210 929 411 980 tenent.
478 924 621 979 Nam
659 928 720 978 ut
756 942 897 978 nunc
935 923 1073 977 extis
1111 921 1459 994 (quamquam
1492 923 1592 976 id
1576 941 1755 993 ipsum
1785 923 1879 976 ali·
1902 938 1945 971 ιο

64 1048 71 1067 ,7,
213 1003 413 1070 quanto
445 999 621 1052 minus
655 1017 818 1068 quam
849 994 1020 1068 olim),
1059 996 1135 1050 816
1164 1000 1282 1050 tum
1312 997 1499 1050 avibus
1535 1014 1764 1080 magnae
1793 1014 1878 1050 res
1965 1053 1970 1057 ,

75 1105 77 1107 -
152 1131 157 1134 ,
211 1072 458 1144 inpetriri
481 1072 747 1126 solebant.
784 1070 988 1154 Itaque,
1013 1069 1235 1123 sinistra
1258 1070 1384 1123 dum
1406 1087 1518 1122 non
1540 1069 1880 1139 exquirimu3‚

127 1162 180 1201 29
212 1147 269 1200 in
299 1147 414 1199 dira
445 1145 543 1199 et'
529 1164 585 1198 m
614 1145 814 1199 vitiosa
842 1144 1175 1197 incurrimus,
1228 1142 1306 1197 Ut
1330 1142 1390 1196 P.
1413 1141 1685 1212 Claudius,
1713 1142 1880 1213 Appii

213 1218 370 1273 Caeci
406 1218 565 1287 filius,
605 1218 822 1287 eiusque
855 1217 1065 1287 collega
1086 1216 1144 1270 L
1167 1215 1353 1269 Iunius
1385 1215 1572 1269 6168818
1602 1233 1879 1269 maxumas
1984 1222 1988 1226 ’

212 1292 572 1363 perdiderunt,
604 1309 724 1344 cum
754 1290 888 1344 vitio
911 1290 1273 1360 navigassent
1327 1287 1480 1351 Quod
1510 1288 1698 1343 eodem
1719 1289 1878 1344 modo
1903 1304 1945 1336 1⁵

215 1365 393 1419 evenit
430 1363 848 1436 Agamemnoni3
886 1363 993 1433 qui,
1031 1381 1151 1416 cum
1189 1362 1385 1416 Achivi
1421 1362 1721 1432 coepissent

297 1480 309 1494 .
351 1439 522 1491 inter
584 1455 647 1490 86
709 1439 998 1507 strepere
1053 1439 1400 1506 aperteque
1451 1436 1652 1489 artem
1703 1435 1879 1490 obte-

1147 1527 1286 1562 rere
1325 1503 1733 1579 extispicum,

287 1583 548 1639 Solvere
607 1583 887 1654 imperat
947 1581 1224 1637 secundo
1284 1585 1534 1636 rumore
1587 1582 1878 1636 adversa·

1500 1673 1575 1709 ue
1615 1656 1732 1710 avi.

213 1732 317 1787 Sed
362 1731 490 1802 quid
530 1730 749 1785 vetera?
797 1728 869 1783 M.
908 1727 1103 1784 Crasso
1144 1729 1271 1799 quid
1309 1674 1579 1798 accidgfit,
1623 1728 1879 1798 videmus,

215 1807 452 1859 dirarum
492 1803 900 1858 obnuntiatione
936 1803 1197 1874 neglecta
1272 1801 1338 1854 In
1376 1820 1480 1871 quo
1518 1802 1744 1872 Appius,
1773 1803 1878 1856 col·
1902 1818 1945 1850 πο

213 1881 338 1950 lega
381 1882 529 1947 tum,
573 1877 746 1930 bonus
793 1893 986 1946 augur,
1031 1879 1093 1929 ut
1140 1894 1205 1929 ex
1242 1878 1296 1928 te
1335 1875 1518 1929 audire
1553 1875 1726 1959 solen,
1769 1893 1879 1929 non

215 1952 349 2006 satis
389 1951 618 2005 scienter
655 1949 831 2003 virum
867 1950 1068 2002 bonum
1092 1952 1155 2002 et
1185 1948 1354 2002 civem
1385 1947 1661 2032 egregium
1691 1967 1879 2002 censor

213 2024 269 2080 O.
307 2025 528 2078 Ateium
564 2022 799 2092 notavit,
845 2022 988 2092 quod
1024 2022 1339 2075 ementitum
1378 2021 1615 2091 auspicia
1652 2022 1878 2075 subscri-

212 2100 377 2152 beret.
451 2097 611 2166 Esto3
647 2096 811 2149 fuerit
847 2095 950 2149 hoc
987 2095 1238 2164 66080118,
1277 2094 1325 2148 81
1359 2094 1632 2148 iudicabat
1661 2095 1879 2148 ementi-

213 2175 351 2241 tum3
390 2173 448 2224 at
483 2169 618 2224 illud
648 2169 867 2222 minime
899 2170 1134 2239 auguris,
1173 2167 1316 2238 quod
1346 2168 1632 2238 adscripsit
1661 2168 1731 2222 ob
1759 2186 1877 2221 eam
1901 2181 1944 2216 25

213 2263 432 2299 causam
490 2243 750 2314 populum
803 2242 1106 2296 Romanum
1166 2241 1529 2295 calamitatem
1589 2241 1877 2294 maximam

214 2318 434 2388 cepisse.
503 2315 560 2369 Si
599 2316 740 2369 enim
779 2333 842 2368 ea
880 2333 1042 2368 causa
1078 2313 1405 2368 calamitatis
1434 2313 1554 2382 fuit,
1588 2331 1700 2368 non
1727 2313 1785 2367 in
1814 2332 1876 2368 60

214 2395 298 2444 est
335 2391 506 2461 culpa,
523 2389 639 2473 ’qui
676 2388 1033 2456 obnuntiavit,
1071 2387 1164 2441 sed
1200 2387 1258 2440 in
1294 2404 1372 2456 e0,
1410 2386 1502 2456 qui
1537 2404 1647 2440 non
1683 2387 1878 2458 paruit.

213 2463 414 2518 Veram
453 2463 595 2517 enim
623 2462 790 2516 fuisse
822 2460 1298 2529 obnuntiationem,
1335 2462 1398 2513 ut
1427 2459 1506 2513 ait
1533 2458 1677 2514 idem
1706 2478 1878 2532 augur

212 2540 267 2591 et
321 2555 532 2604 censor,
587 2536 759 2590 exitus
814 2534 1157 2605 adprobavit3
1217 2551 1352 2603 quae
1397 2532 1445 2586 si
1488 2532 1630 2587 falsa
1671 2533 1877 2602 fuisset,
1899 2548 1941 2580 30

211 2611 420 2664 nullam
460 2609 666 2663 adferre
703 2608 971 2679 potuisset
1008 2625 1225 2661 causam
1262 2606 1602 2661 calamitatis
1661 2605 1877 2660 Etenim

214 2684 382 2752 dirae,
428 2683 568 2736 sicut
605 2685 784 2736 cetera
820 2680 1079 2751 auspicia,
1116 2683 1178 2733 ut
1216 2679 1417 2749 omina,
1453 2682 1516 2732 ut
1553 2679 1732 2749 signa,
1767 2697 1877 2733 non

212 2773 399 2811 causas
439 2755 710 2824 adferunt,
749 2773 842 2808 cur
880 2754 1006 2824 quid
1045 2754 1270 2823 eveniat,
1308 2752 1402 2806 sed
1436 2751 1690 2805 nuntiant
1726 2769 1878 2806 61611·

126 2841 180 2881 30
212 2832 357 2898 tura,
408 2828 516 2881 nisi
567 2827 880 2898 provideris.
961 2826 1088 2880 Non
1130 2827 1300 2910 igitur
1344 2824 1683 2878 obnuntiatio
1728 2826 1877 2878 Aten

213 2919 429 2956 causam
477 2901 634 2954 finxit
682 2900 1009 2955 calamitat1s
1016 2941 1031 2968 ‚
1081 2900 1175 2952 86(1
1219 2899 1375 2969 signo
1421 2897 1629 2950 obiecto
1669 2898 1876 2951 monuit
1896 2910 1938 2945 ⁸⁵
