2002 3178
537 137 648 182 LIB.
679 137 736 183 11.
781 135 907 182 CAP.
942 140 1130 182 30—38.
1171 140 1199 192 5
1230 141 1419 182 64—70.
1711 134 1808 187 22]

140 258 497 315 cedaemoniis
541 258 600 312 in
643 256 896 312 Herculis
942 256 1072 311 fano
1120 274 1274 311 arma
1321 259 1638 326 sonuerunt,
1685 255 1819 309 eius-

141 333 368 404 demque
412 332 498 386 dei
534 331 736 386 Thebis
780 332 973 386 valvae
1019 331 1233 385 clausae
1281 330 1465 385 subito
1508 348 1574 384 se·
1592 340 1820 401 'aperue-

140 410 290 476 runt,
343 424 511 476 eaque
564 408 740 476 scuta,
793 423 929 476 quae
973 403 1191 458 fuerant
1235 404 1467 458 sublime
1511 404 1640 474 fixa,
1695 406 1821 457 sunt

139 481 292 535 humi
342 480 578 534 inventa.
652 479 864 534 Horum
909 497 1031 533 cum
1074 478 1193 532 fleri
1236 478 1374 532 nihil
1420 479 1660 550 potuerit
1706 478 1821 531 sine

97 571 119 605 ο
143 555 326 626 aliquo
372 557 547 625 motu,
595 554 724 624 quid
762 557 868 623 est,
908 571 1003 607 cur
1041 553 1297 607 divinitus
1337 570 1401 606 ea
1438 552 1620 623 potius
1661 569 1821 621 quam
1841 593 1910 647 32

141 647 270 684 casu
322 627 470 682 facta
523 645 642 682 esse
695 627 970 682 dicamus?
1050 626 1129 680 At
1180 627 1239 680 in
1288 626 1555 696 Lysandri
1608 629 1822 679 statuae
1854 658 1908 700 68

141 702 319 774 capite
341 701 570 773 Delphis
608 702 791 756 extitit
821 719 1020 756 corona
1050 719 1115 754 ex
1146 701 1353 771 asperis
1385 700 1584 770 herbis,
1623 703 1678 753 et
1710 700 1822 770 qui·

141 778 263 831 dem
302 776 499 830 subita.
572 775 766 830 Itane?
812 792 995 829 censes
1036 778 1162 829 ante
1201 793 1459 829 coronam
1498 774 1698 828 herbae
1739 792 1822 827 ex·

141 851 344 921 titisse,
391 868 555 921 quam
600 853 919 920 conceptum
957 858 1074 902 aese
1113 849 1331 903 semen?
1377 848 1602 902 herbam
1642 851 1823 902 autem

80 941 119 975 ιο
141 942 392 996 asperam
444 923 603 978 credo
658 923 841 978 avium
894 926 1178 995 congesta,
1230 941 1340 977 non
1387 922 1623 976 humano
1676 925 1823 990 satu3

141 999 273 1069 iam,
319 997 571 1068 quicquid
607 997 666 1051 in
702 997 880 1068 capite
918 1000 1025 1067 est,
1071 997 1128 1050 id
1166 1015 1395 1052 coronae
1436 997 1613 1049 simile
1651 996 1821 1050 videri

141 1074 338 1144 potest.
398 1071 543 1125 Nam
581 1071 724 1142 quod
763 1071 949 1125 eodem
987 1074 1232 1142 tempore
1272 1070 1463 1124 stellas
1504 1089 1693 1124 aureas
1726 1069 1822 1124 Ca·

143 1146 308 1201 storis
345 1148 402 1200 et
429 1145 668 1200 Pollucis
698 1144 929 1216 Delphis
968 1145 1176 1215 positas
1212 1144 1486 1214 decidisse,
1525 1162 1698 1214 neque
1731 1162 1822 1197 eas

142 1238 373 1291 usquam
409 1222 652 1290 repertas
691 1237 810 1273 esse
848 1218 1047 1288 dixisti,
1087 1218 1270 1272 furum
1307 1219 1362 1272 id
1402 1218 1578 1289 magis
1616 1218 1822 1272 factum

80 1310 121 1344 ιε
144 1313 308 1365 quam
345 1294 566 1348 deorum
596 1293 823 1347 videtur.
884 1290 1084 1346 Simiae
1113 1310 1242 1347 vero
1270 1291 1595 1346 Dodonaeae
1626 1292 1823 1362 impro-
1856 1303 1910 1343 69

142 1369 374 1423 bitatem
401 1367 647 1421 historiis
672 1366 892 1421 Graecis
917 1366 1229 1420 mandatam
1254 1383 1370 1419 esse
1395 1366 1641 1420 demiror.
1685 1365 1824 1428 Quid

143 1442 320 1498 minus
358 1442 556 1496 mirum
595 1459 757 1512 quam
795 1441 950 1494 illam
988 1440 1560 1494 monstruosissumam
1591 1440 1824 1494 bestiam

146 1535 336 1571 urnam
381 1515 662 1586 evertisse,
707 1518 884 1569 sortes
932 1514 1332 1586 dissupavisse‘?
1392 1513 1468 1569 Et
1504 1518 1710 1585 negant
1747 1514 1825 1568 hi·

145 1590 333 1646 storici
361 1589 799 1644 Lacedaemoniis
837 1589 1012 1642 ullum
1051 1591 1325 1642 ostentum
1360 1587 1464 1642 hoc
1495 1588 1708 1641 tristius
1743 1606 1824 1642 ac-

81 1680 123 1713 20
145 1664 360 1719 cidisse!
419 1662 565 1717 Nam
607 1663 705 1717 illa
748 1662 1026 1734 praedicta
1062 1661 1394 1731 Veientium,
1444 1662 1492 1715 si
1536 1663 1685 1716 lacus
1732 1663 1826 1715 Al-

146 1739 320 1792 banus
370 1737 724 1791 redundasset
774 1737 928 1807 isque
981 1736 1039 1790 in
1084 1755 1232 1790 mare
1277 1736 1541 1807 fluxisset,
1594 1736 1825 1790 Romam

146 1812 467 1884 perituram3
519 1811 568 1865 si
619 1829 896 1882 repressus
951 1813 1115 1880 esset,
1169 1810 1335 1864 Veios
1367 1853 1378 1864 .
1411 1851 1423 1863 .
1456 1852 1468 1864 .
1502 1852 1514 1864 .
1559 1810 1641 1864 ita
1686 1829 1828 1881 aqua

146 1886 365 1940 Albana
402 1885 631 1940 deducta
667 1884 737 1939 ad
774 1885 1072 1938 utilitatem
1111 1884 1231 1955 agri
1271 1884 1581 1954 suburbani,
1618 1902 1727 1938 non
1759 1885 1827 1938 ad

146 1978 324 2015 arcem
372 1959 668 2029 urbemque
713 1958 1062 2012 retinendam.
1139 1958 1217 2011 At
1261 1959 1426 2029 paulo
1476 1960 1604 2028 post
1641 1958 1827 2012 audita

83 2048 125 2082 π
147 2051 252 2089 vox
290 2036 376 2087 est
412 2032 705 2102 monentiS,
749 2035 813 2086 ut
849 2032 1215 2103 providerent,
1260 2050 1328 2086 ne
1367 2051 1400 2086 a
1438 2030 1613 2085 Gallis
1651 2032 1827 2086 Roma

148 2109 453 2178 caperetur3
490 2124 555 2160 ex
593 2124 657 2160 eo
688 2105 794 2159 Aio
824 2104 1092 2175 Loquenti
1130 2124 1282 2159 aram
1320 2106 1378 2160 in
1414 2123 1557 2159 nova
1587 2105 1675 2159 via
1706 2124 1826 2160 con·

150 2183 431 2235 sectatam.
506 2178 648 2243 Quid
687 2179 855 2250 ergo?
915 2178 1053 2233 Aius
1090 2178 1195 2233 iste
1233 2179 1506 2250 LoquenS,
1544 2197 1666 2234 cum
1704 2198 1827 2234 eum

151 2272 308 2308 nemo
354 2256 538 2323 norat,
583 2255 640 2307 et
685 2252 866 2306 aiebat
897 2258 952 2304 et
978 2253 1304 2323 loquebatur
1340 2258 1388 2308 et
1425 2272 1489 2307 ex
1528 2271 1591 2307 eo
1629 2271 1826 2308 nomen

150 2327 381 2398 invenit3
423 2330 780 2398 posteaquam
827 2328 883 2379 et
923 2326 1103 2379 sedem
1142 2330 1197 2380 et
1235 2345 1385 2381 aram
1424 2330 1480 2381 et
1516 2345 1714 2381 nomen
1750 2328 1828 2381 in-

84 2415 128 2450 m
150 2401 321 2471 venit,
367 2401 675 2455 obmutuit?
737 2398 892 2462 Quod
935 2399 1078 2453 idem
1124 2400 1227 2454 dici
1265 2401 1330 2454 de
1366 2401 1587 2455 Moneta
1622 2404 1830 2472 potest3

151 2494 185 2530 a
223 2493 330 2545 qua
362 2477 744 2545 praeterquam
775 2473 839 2527 de
869 2490 965 2527 sue
994 2474 1157 2544 plena
1187 2474 1316 2545 quid
1346 2492 1604 2545 umquam
1636 2475 1829 2529 moniti

152 2549 371 2603 sumus?

262 2620 408 2676 Satis
446 2622 621 2675 multa
659 2621 723 2674 de
761 2620 1016 2690 ostentis3
1055 2620 1295 2691 auspicia
1325 2623 1537 2675 restant
1568 2625 1625 2675 et
1655 2625 1829 2677 sortes
1848 2590 1917 2696 {53

152 2714 261 2766 eac,
299 2713 436 2766 quae
476 2695 755 2764 ducuntur,
791 2713 902 2748 non
938 2694 1082 2764 illae,
1123 2713 1258 2764 quae
1296 2695 1681 2750 vaticinatione
1712 2696 1829 2750 fun·

86 2783 129 2819 ns
153 2769 374 2839 duntur,
425 2786 561 2839 quae
607 2769 788 2823 ora-cla
832 2767 1012 2822 verius
1059 2768 1307 2837 dicimus3
1360 2768 1424 2823 de
1471 2769 1665 2839 quibus
1711 2773 1826 2824 tum

152 2843 388 2898 dicemus
398 2885 411 2911 ,
464 2861 586 2896 cum
632 2842 700 2897 ad
743 2841 1048 2896 naturalem
1087 2842 1472 2896 divinationem
1511 2843 1828 2898 venerimus

151 2916 346 2972 Restat
392 2917 555 2970 etiam
602 2916 667 2969 de
706 2915 1014 2984 Chaldaei83
1060 2916 1153 2969 sed
1198 2916 1432 2985 primum
1480 2917 1718 2986 auspicia
1754 2917 1827 2972 vi-
