2002 3178
274 138 388 185 LIB.
421 139 478 187 11.
518 138 646 185 GAP.
680 144 748 184 72.
782 143 806 193 ἓ
841 142 1086 183 148-150.
1134 136 1215 181 DE
1247 135 1403 181 FATO
1435 135 1665 183 ARGUM.
1714 136 1819 189 251

143 257 390 315 nebimus
435 259 576 314 hanc
622 258 1064 314 consuetudinem
1111 278 1144 312 a
1183 256 1403 312 Socrate
1441 257 1702 311 traditam
1743 276 1824 311 ea·

141 352 244 406 que
282 333 426 388 inter
464 351 587 403 nos,
635 333 682 387 si
718 332 843 402 tibi,
884 331 1080 395 Quinte
1118 332 1310 401 frater,
1356 331 1615 403 placebit,
1664 350 1823 402 quam

143 408 457 480 saepissime
501 410 732 461 utemur.
804 406 941 460 Mihi
986 424 1139 476 vero,
1184 406 1362 476 inquit
1399 406 1515 476 ille,
1560 405 1695 459 nihil
1714 411 1822 473 pot-

147 488 230 536 est
281 501 396 537 esse
423 481 719 537 iucundius.
767 479 915 544 Quae
941 499 1061 535 cum
1087 484 1268 534 essent
1293 480 1450 551 dicta,
1484 480 1823 534 surreximus

808 674 1160 684 —m———

559 840 635 903 M.
684 839 952 900 TULLII
1000 839 1413 901 emmonis

498 987 576 1067 D
669 987 739 1068 E
899 987 965 1066 F
1063 987 1145 1067 A
1244 986 1311 1067 T
1404 985 1473 1068 Ο

862 1150 1107 1201 LIBER.

743 1386 1234 1438 ARGUMENTUM.

235 1499 338 1545 Hoc
367 1497 489 1544 libro
518 1497 580 1545 M.
612 1497 794 1543 'Pullius
828 1498 1022 1558 exponit
1052 1513 1310 1544 sermonem
1341 1513 1370 1543 a
1401 1512 1450 1544 se
1480 1498 1695 1544 habitum
1727 1513 1830 1544 cum

149 1560 202 1605 A.
235 1557 392 1604 Hirtio
432 1558 622 1604 consule
654 1557 898 1615 designato
931 1572 970 1603 a.
1003 1573 1046 1603 u.
1082 1573 1119 1603 c.
1154 1565 1262 1615 710,
1295 1572 1334 1604 a.
1368 1559 1477 1604 ante
1509 1558 1612 1603 Chr.
1645 1559 1740 1603 nat.
1773 1565 1831 1605 44

148 1619 259 1677 post
289 1616 337 1663 Ο.
369 1616 580 1662 Caesaris
620 1616 864 1662 interitum
905 1617 956 1661 in
985 1617 1241 1662 Puteolano
1281 1618 1339 1663 de
1378 1617 1499 1672 fato,
1542 1619 1595 1663 ut
1633 1617 1674 1662 is
1713 1618 1832 1664 liber

149 1675 283 1735 quasi
325 1676 701 1735 supplementum
743 1677 868 1722 esset
904 1676 1047 1721 trium
1084 1677 1310 1722 librorum
1346 1676 1406 1722 de
1442 1678 1610 1722 natura
1640 1677 1831 1723 deorum

150 1737 199 1782 et
237 1735 431 1782 duorum
470 1734 693 1780 librorum
731 1735 790 1781 de
829 1735 1116 1781 divinatione
1157 1735 1296 1793 (conf.
1329 1735 1388 1782 de
1419 1735 1563 1783 divin.
1595 1737 1639 1782 Π
1671 1751 1770 1795 cap.
1807 1743 1828 1783 1

150 1801 175 1851 ς
206 1795 274 1853 3),
313 1795 364 1841 et
399 1794 488 1839 hac
526 1793 846 1853 disputatione
887 1797 1048 1839 contra
1078 1793 1380 1840 Posidonium
1420 1809 1552 1841 susce
1589 1797 1659 1851 ta,
1702 1796 1831 1841 cuius

149 1853 304 1912 ipsum
333 1852 615 1912 principium
646 1854 868 1899 amissum
900 1856 992 1909 est,
1025 1854 1192 1900 docere
1225 1855 1433 1909 conatur,
1466 1854 1508 1899 si
1557 1854 1624 1900 ati
1653 1855 1831 1900 nullum

151 1914 277 1959 esset
311 1926 503 1969 nomen,
544 1912 677 1957 nulla
705 1914 872 1958 natura
903 1915 952 1958 et
981 1913 1074 1969 vie,
1118 1914 1159 1958 si
1189 1913 1332 1970 forte,
1374 1915 1571 1970 temere,
1611 1928 1722 1959 casu
1752 1917 1834 1960 aut

150 1972 372 2032 pleraque
410 1971 575 2017 fierent
611 1972 695 2016 aut
732 1972 908 2027 omnia,
948 1986 1043 2018 non
1080 1972 1220 2017 aliter
1258 1986 1313 2018 ac
1350 1986 1474 2018 nunc
1505 1973 1661 2018 omnia
1691 1988 1828 2019 even-

150 2033 277 2086 tura,
317 2029 439 2076 nihil
479 2029 625 2088 igitur
653 2030 853 2076 attinere
884 2030 1117 2076 inculcare
1150 2031 1321 2086 fatum,
1367 2045 1460 2088 quo
1494 2032 1678 2078 sublato
1710 2034 1832 2079 ratio

151 2104 304 2135 rerum
345 2088 553 2136 omnium
594 2089 653 2134 ad
694 2091 908 2134 naturam
947 2090 1239 2135 fortunamve
1278 2089 1527 2136 referretur
1564 2093 1638 2149 (ca
1673 2129 1683 2140 .
1719 2098 1832 2138 1-3

152 2154 178 2204 9
211 2149 356 2205 1-6).
418 2147 599 2193 Deinde
637 2149 848 2205 sequitur
885 2147 1143 2207 disputatio
1183 2163 1288 2194 cum
1328 2149 1589 2208 Chrysippo
1663 2164 1688 2196 e
1726 2165 1834 2197 con-

152 2207 342 2266 tagione
380 2221 533 2252 rerum
571 2207 621 2253 et
651 2206 708 2252 de
739 2209 932 2253 naturae
963 2207 1314 2263 coniunctione,
1356 2222 1495 2266 quam
1527 2207 1833 2267 συμπᾶθειαν

153 2267 344 2322 vocant3
394 2279 488 2324 qua
519 2265 678 2312 Cicero
718 2266 858 2312 docet
894 2265 1039 2322 effici,
1083 2268 1138 2312 ut
1174 2267 1258 2312 alii
1289 2267 1349 2312 ad
1385 2267 1480 2312 alia
1509 2269 1833 2327 propensiores

154 2325 250 2372 sint
303 2325 363 2371 ob
419 2338 581 2371 causas
627 2325 863 2370 naturales
918 2327 967 2371 et
1018 2340 1169 2371 rerum
1222 2326 1588 2383 antecessiones,
1642 2343 1736 2375 non
1781 2331 1835 2374 ut

153 2384 448 2430 voluntatum
494 2386 755 2429 nostrarum
802 2386 953 2441 atque.
987 2398 1046 2443 ap
1084 2385 1331 2430 etitionum
1373 2385 1492 2431 tales
1532 2386 1629 2432 sint
1668 2402 1833 2434 causae

154 2446 273 2502 (cap.
297 2449 414 2490 4-8
445 2448 471 2498 ἓ
495 2447 672 2500 ’1-16).
728 2445 825 2488 Iam
856 2441 916 2488 ad
940 2443 1028 2489 Dio
1066 2443 1134 2490 ori
1165 2443 1274 2500 περὶ
1306 2446 1521 2490 δυνατῶν
1553 2447 1833 2492 sententiam

156 2516 207 2548 se
243 2501 390 2548 vertit
422 2501 544 2546 nihil
582 2515 719 2561 posse
757 2502 856 2547 fieri
895 2502 1152 2557 censentis,
1191 2502 1284 2547 nisi
1315 2503 1438 2560 quod
1469 2518 1630 2550 verum
1659 2507 1743 2551 aut
1773 2505 1836 2551 sit

155 2561 239 2607 aut
266 2560 473 2606 futurum
503 2561 565 2606 sit
594 2564 714 2619 (cap.
738 2567 765 2607 9
796 2566 822 2616 ξ
847 2563 1051 2620 17-20).
1107 2562 1224 2606 Tum
1254 2562 1315 2607 ad
1339 2561 1648 2621 Chrysippum
1679 2565 1836 2623 pergit

154 2619 224 2665 ita
253 2619 634 2665 ratiocinantem:
675 2619 716 2665 si
745 2619 809 2665 sit
836 2621 992 2666 motus
1025 2620 1123 2665 sine
1157 2634 1318 2676 eausa,
1354 2634 1450 2667 non
1481 2636 1663 2668 omnem
1694 2638 1835 2669 enun-

156 2677 403 2724 tiationem
440 2679 523 2723 aut
558 2691 716 2723 veram
747 2679 830 2723 aut
858 2679 1025 2724 falsam
1055 2679 1175 2736 fore;
1215 2693 1345 2736 nam,
1385 2680 1510 2737 quod
1540 2695 1633 2727 non
1663 2682 1836 2729 habeat

158 2750 320 2783 causas
359 2735 637 2792 efficientes,
676 2736 727 2781 id
754 2751 842 2782 nec
872 2752 1032 2783 verum
1062 2753 1148 2784 nec
1178 2738 1348 2783 falsum
1379 2737 1498 2795 fore;
1539 2742 1717 2787 motum
1748 2741 1836 2800 igi-

157 2798 236 2841 tur
272 2795 371 2840 sine
403 2809 543 2840 causa
570 2795 751 2840 nullum
782 2809 903 2850 esse,
945 2811 1035 2854 quo
1066 2796 1223 2855 posito
1252 2810 1406 2843 rerum
1436 2799 1836 2846 antecessionibus

158 2854 259 2901 ficri
289 2853 463 2910 omnia3
498 2853 545 2900 id
576 2854 616 2899 si
647 2854 716 2899 ita
739 2854 816 2910 sit,
846 2854 943 2900 fato
969 2855 1069 2901 fieri
1094 2856 1259 2903 omnia.
1307 2855 1382 2901 Ad
1404 2856 1520 2903 haec
1544 2859 1704 2905 Cicero
1731 2874 1835 2906 con—

161 2912 287 2959 cedit
317 2912 500 2969 quidem
523 2914 706 2960 ‘motum
728 2913 911 2960 nullum
934 2914 1033 2960 sine
1059 2929 1198 2960 causa
1222 2929 1337 2973 esse,
1367 2930 1517 2971 neque
1540 2932 1666 2975 vero,
1698 2934 1831 2976 quae-
