2002 3178
139 405 208 511 16

139 1830 192 1869 56

138 2407 203 2459 27

230 158 334 210 166
812 154 892 198 DE
923 153 1326 199 DIVINATIONE

225 282 573 347 pateramque
627 274 855 327 rettulit.
931 273 1047 336 Quo
1096 273 1242 328 facto
1288 274 1475 328 fanum
1519 275 1654 329 illud
1697 274 1895 330 Indicis

226 349 473 402 Herculis
511 348 848 400 nominatum
887 350 985 400 est.

335 421 438 475 Sed
462 421 588 490 quid
613 438 713 491 ego
739 420 1102 475 Graecorum?
1139 421 1317 475 nescio
1351 440 1456 492 quo
1489 422 1647 476 modo
1674 440 1761 476 me
1787 430 1896 476 ma)-

227 496 310 566 gis
334 497 521 549 nostra
546 494 827 547 delectant.
878 493 1076 548 Omnes
1100 494 1203 549 hoc
1225 495 1485 565 historici,
1514 495 1685 566 Fabii,
1718 495 1896 566 Gellii,

227 569 319 622 sed
348 586 606 638 proxume
631 566 866 621 Coelius:
898 566 1033 621 Cum
1064 569 1206 622 bello
1230 568 1424 623 Latino
1456 569 1571 622 ludi
1592 569 1764 623 votivi
1787 588 1896 623 ma·
1918 585 1940 620 5

225 644 371 694 xumi
403 642 637 711 primum
668 640 874 710 fierent,
912 641 1101 695 civitas
1134 642 1202 695 ad
1232 661 1385 695 arma
1414 646 1634 713 repente
1657 645 1742 696 est
1762 643 1896 696 exci-

225 719 357 784 tata,
380 715 564 784 itaque
588 714 727 767 ludis
752 714 1073 768 intermissis
1097 715 1443 769 instaurativi
1459 715 1742 770 constituti
1757 719 1896 770 sunt.

227 788 329 851 Qui
353 792 475 841 ante
501 806 662 857 quam
685 787 888 857 fierent,
919 806 1144 858 cumque
1167 789 1278 842 iam
1300 789 1532 859 populus
1556 789 1897 860 consedisset,

227 880 410 916 servus
449 879 545 931 per
582 861 805 930 circum,
852 879 972 914 cum
1011 862 1180 933 virgis
1220 862 1543 932 caederetur,
1579 862 1787 917 furcam
1822 863 1896 917 10-

225 955 348 989 10118
395 935 583 988 ductus
631 937 727 988 est.
802 933 945 987 Exin
989 935 1198 988 cuidam
1244 936 1445 989 rustico
1487 936 1732 990 Romano
1779 937 1895 990 dor·
1919 953 1961 987 ιο

226 1009 415 1063 mienti
445 1009 591 1062 visus
624 1010 707 1061 est
735 1007 930 1077 venire,
969 1008 1059 1078 qui
1092 1009 1290 1062 diceret
1320 1010 1622 1078 praesulem
1653 1009 1758 1064 sibi
1786 1028 1897 1064 non

225 1083 490 1152 placuisse
528 1082 693 1150 ludis,
731 1081 890 1151 idque
929 1082 998 1134 ab
1037 1082 1221 1135 eodem
1259 1083 1466 1136 iussum
1504 1101 1620 1137 esse
1658 1102 1782 1138 eum
1819 1101 1896 1138 se·

225 1157 376 1210 natui
422 1155 693 1223 nuntiare3
741 1154 900 1206 illum
944 1173 1052 1208 non
1097 1173 1215 1208 esse
1262 1173 1464 1209 ausum.
1538 1155 1742 1210 Iterum
1779 1174 1896 1210 esse

225 1231 365 1283 idem
403 1230 609 1281 iussum
649 1230 703 1280 et
740 1229 1028 1298 monitum,
1076 1246 1145 1282 ne
1181 1228 1294 1282 vim
1333 1247 1484 1282 suam
1523 1229 1752 1300 experiri
1788 1230 1895 1284 vel·

224 1305 324 1373 let3
361 1320 429 1356 ne
459 1305 576 1355 tum
607 1300 820 1371 quidem
851 1318 968 1354 esse
999 1320 1202 1355 ausum.
1261 1302 1402 1356 Exin
1431 1303 1603 1356 filium
1635 1303 1748 1357 eius
1779 1321 1894 1357 esse
1918 1319 1959 1352 15

225 1380 511 1445 mortuum,
550 1374 772 1428 eandem
810 1374 867 1428 in
904 1375 1107 1428 somnis
1147 1375 1566 1430 admonitionem
1595 1375 1762 1430 1111880
1790 1380 1895 1430 101·-

225 1452 372 1504 tiam.
433 1449 571 1502 Τ11111
608 1449 764 1502 11111111
803 1447 968 1501 etiam
1008 1449 1237 1502 debilem
1275 1450 1480 1503 factum
1516 1468 1630 1503 rem
1670 1450 1738 1503 ad
1767 1450 1895 1504 ami·

224 1543 315 1579 cos
354 1523 625 1591 detulisse,
665 1539 892 1591 quorum
932 1522 996 1575 de
1028 1523 1296 1576 sententia
1325 1523 1620 1578 lecticula'
1603 1541 1662 1576 111
1691 1524 1895 1578 curiam

226 1616 340 1651 esse
388 1597 649 1665 delatum,
696 1613 921 1664 cumque
968 1596 1179 1649 senatui
1215 1597 1483 1650 somnium
1521 1597 1894 1668 enarravisset,

223 1671 446 1742 pedibus
479 1669 590 1722 suis
622 1669 832 1723 salvum
864 1668 1080 1722 domum
1111 1670 1410 1724 revertisse.
1462 1669 1654 1740 Itaque
1686 1671 1892 1725 somnio
1917 1686 1959 1718 20

224 1744 575 1814 comprobato
629 1762 663 1796 a
714 1745 904 1795 senatu
949 1742 1103 1795 ludos
1149 1743 1276 1796 illos
1321 1743 1518 1796 iterum
1562 1744 1892 1797 instauratos

224 1817 512 1872 memoriae
549 1815 823 1886 proditum
855 1817 952 1868 est.
1005 1814 1062 1869 O.
1086 1834 1212 1869 vero
1238 1815 1510 1870 Gracchus
1534 1817 1719 1870 multis
1744 1817 1893 1887 dixit,

223 1896 285 1946 ut
322 1890 581 1960 scriptum
619 1889 762 1959 apud
800 1889 1025 1943 eundem
1052 1887 1296 1942 Coelium
1334 1893 1431 1959 est,
1470 1889 1575 1943 sibi
1603 1891 1660 1943 in
1690 1890 1892 1944 somnis

226 1967 571 2035 quaesturam
622 1965 802 2033 petere
851 1962 1111 2015 dubitanti
1157 1962 1236 2015 Ti.
1281 1963 1507 2016 fratrem
1550 1963 1726 2017 visum
1776 1982 1892 2017 esse

225 2040 411 2107 dicere,
443 2055 603 2106 quam
635 2036 800 2089 vellet
830 2038 1184 2105 cunctaretur,
1214 2038 1398 2090 tamen
1429 2037 1616 2090 eodem
1639 2037 1743 2090 sibi
1765 2037 1891 2106 leto,
1915 2049 1957 2083 2⁵

225 2131 329 2182 quo
367 2111 483 2181 ipse
519 2110 809 2178 interisset,
848 2127 965 2162 esse
1001 2078 1344 2179 pereuiidum.
1405 2110 1537 2180 Hoc,
1575 2113 1702 2164 ante
1731 2128 1891 2180 quam

224 2186 472 2239 tribunus
509 2183 654 2254 plebi
685 2181 743 2237 G.
775 2182 1047 2236 Gracchus
1085 2182 1259 2236 factus
1298 2186 1455 2253 esset,
1492 2186 1548 2237 et
1585 2201 1643 2237 se
1681 2184 1892 2237 audisse

225 2258 413 2313 scribit
436 2256 648 2310 Coelius
680 2259 736 2309 et
766 2256 962 2309 dixisse
992 2273 1106 2309 eum
1135 2256 1336 2310 multis.
1391 2255 1507 2319 Quo
1532 2256 1740 2310 somnio
1766 2256 1890 2326 quid

223 2330 453 2387 inveniri
489 2332 672 2400 potest
709 2330 942 2383 certius?

333 2404 506 2466 Quid?
551 2403 651 2456 illa
696 2403 799 2456 duo
838 2402 1069 2472 somnia,
1119 2421 1254 2472 quae
1292 2404 1628 2457 creberrume
1666 2421 1890 2457 comme·
1913 2416 1956 2449 80

223 2481 504 2532 morantur
550 2495 583 2530 a
621 2474 837 2546 Stoicis,
885 2477 1003 2545 quis
1041 2477 1259 2530 tandem
1297 2479 1480 2547 potest
1516 2476 1890 2531 contemnere?

223 2571 389 2606 unum
437 2551 501 2603 de
540 2547 833 2603 Simonide:
888 2549 991 2611 Qui
1028 2568 1143 2603 cum
1185 2549 1433 2621 ignotum
1458 2551 1735 2620 -quendam
1771 2569 1890 2620 pro-

222 2626 420 2679 iectum
458 2626 731 2676 mortuum
767 2622 993 2677 vidisset
1030 2641 1256 2692 eumque
1285 2623 1620 2676 humavisset
1647 2623 1890 2676 haberet-

225 2716 326 2767 que
374 2698 431 2751 in
470 2696 648 2750 animo
697 2715 890 2749 navem
937 2697 1311 2766 conscendere,
1361 2698 1564 2750 moneri
1608 2695 1753 2749 visus
1793 2699 1889 2765 est,

222 2790 289 2825 ne
326 2770 381 2823 id
417 2769 634 2839 faceret,
672 2770 742 2823 ab
781 2787 858 2839 e0,
897 2788 1053 2838 quem
1085 2770 1365 2840 sepultura
1393 2769 1684 2838 adfecerat,
1722 2769 1770 2822 si
1799 2787 1890 2822 na·
1913 2780 1954 2816 ⁸⁵

223 2843 540 2914 vigavisset,
587 2861 709 2895 eum
753 2842 1037 2913 naufragio
1078 2860 1194 2896 esse
1230 2843 1551 2913 periturum3
1594 2842 1776 2911 itaque
1804 2837 1890 2894 Si-

224 2916 493 2970 monidem
525 2916 740 2986 redisse,
777 2915 981 2986 perisse
1011 2918 1234 2985 0010108,
1263 2915 1357 2984 qui
1385 2918 1502 2968 tum
1527 2917 1889 2986 navigassent.
