2002 3178
146 442 197 484 55

144 946 211 998 26

143 1615 196 1655 56

139 2419 192 2458 57

233 167 340 220 216
806 166 887 210 DE
917 166 1318 212 DIVINATIONE

232 305 412 357 saepe,
453 290 637 339 tamen
673 304 966 355 numquam
1005 285 1182 356 aegris
1221 285 1404 340 dicunt
1440 286 1536 341 illo
1577 288 1766 342 morbo
1805 305 1895 343 eos

231 378 347 413 esse
385 360 698 428 morituros3
737 360 910 413 omnis
949 359 1092 412 enim
1128 359 1422 430 praedictio
1461 360 1592 414 mali
1630 363 1746 414 tum
1776 379 1896 432 pro-

229 434 403 501 batur,
440 450 561 486 cum
600 433 668 486 ad
705 433 1122 502 praedictionem
1161 433 1338 487 cautio
1375 433 1699 505 adiungitur.
1758 433 1896 497 Quid

229 506 397 577 igitur
434 509 529 559 aut
567 508 782 559 ostenta
819 509 914 559 aut
952 524 1137 560 eorum
1170 506 1492 576 interpretes
1522 507 1608 560 vel
1637 506 1896 563 Lacedae-

229 579 438 632 monios
484 578 614 633 olim
659 580 745 633 vel
790 597 960 649 nuper
1003 582 1222 633 nostros
1267 579 1621 635 adiuverunt?
1674 599 1810 653 quae
1848 581 1897 636 si
1941 596 1961 631 ⁵

230 652 386 723 signa
416 652 635 706 deorum
666 652 905 723 putanda
937 655 1076 722 sunt,
1115 671 1208 707 cur
1237 655 1353 707 tam
1385 653 1612 708 obscura
1639 649 1895 711 fuerunt?

229 726 275 778 si
335 743 499 794 emm,
558 728 620 778 ut
671 726 1131 796 intellegeremus,
1192 725 1320 796 quid
1373 729 1516 780 esset
1567 730 1896 798 eventurum,

229 801 412 881 aperte
451 799 712 852 declarari
750 799 1058 869 oportebat,
1096 801 1191 854 aut
1226 817 1294 854 ne
1332 801 1539 855 occulte
1577 801 1812 872 quidem,
1849 801 1898 856 si

230 890 293 925 ea
331 871 455 925 sciri
491 872 764 925 nolebant.

337 944 456 998 Iam
493 963 619 999 vero
659 945 964 999 coniectura
1001 945 1191 1015 omniS,
1228 945 1285 999 in
1323 963 1429 1015 qua
1465 946 1658 1000 nititur
1695 946 1895 1002 divina·
1919 965 1962 998 10

230 1018 323 1087 tio,
353 1018 583 1089 ingeniis
613 1018 893 1071 hominum
922 1018 980 1071 in
1010 1019 1210 1072 multas
1236 1021 1329 1072 aut
1353 1019 1590 1074 diversas
1615 1023 1709 1074 aut
1732 1021 1896 1076 etiam

232 1092 528 1145 contrarias
573 1092 747 1161 partis
786 1109 945 1161 saepe
984 1092 1263 1145 diducitur.
1331 1091 1409 1146 Ut
1446 1092 1589 1146 enim
1625 1093 1684 1147 ιιι
1720 1095 1896 1149 causis

231 1164 568 1218 iudicialibus
607 1164 716 1218 alia
752 1165 1057 1219 coniectura
1090 1168 1173 1218 est
1203 1165 1546 1236 accusatoris,
1583 1166 1692 1220 alia
1722 1167 1896 1222 defen-

230 1238 366 1291 soris
405 1241 460 1291 et
497 1241 679 1291 tamen
716 1238 994 1308 utriusque
1033 1238 1317 1307 credibiliS,
1355 1239 1433 1293 sic
1461 1238 1518 1293 in
1549 1240 1842 1294 omnibus
1826 1241 1894 1296 iis

228 1311 385 1364 rebus
394 1352 409 1379 ,
462 1329 597 1380 quae
627 1311 956 1365 boniectura
1006 1311 1324 1383 investigari
1375 1311 1646 1383 videntur,
1699 1331 1894 1385 anceps
1919 1330 1960 1364 ιε

228 1384 494 1453 reperitur
517 1384 709 1438 oratio.
747 1383 890 1447 Quas
916 1387 1097 1438 autem
1120 1403 1205 1438 res
1230 1388 1346 1438 tum
1369 1388 1577 1456 natura,
1600 1389 1716 1440 tum
1739 1405 1894 1442 casus

229 1456 417 1527 adfert,
454 1476 563 1511 non
599 1475 894 1527 numquam
933 1458 1096 1511 etiam
1135 1476 1369 1512 errorem
1408 1462 1554 1512 creat
1584 1459 1894 1532 similitudo,

229 1548 427 1601 magna
473 1530 711 1584 stultitia
748 1534 831 1584 est
870 1549 1053 1585 earum
1090 1549 1270 1585 rerum
1309 1532 1435 1586 deos
1471 1531 1648 1587 facere
1685 1534 1894 1589 effecto·

228 1622 312 1657 res
322 1645 335 1672 ,
382 1621 570 1657 causas
614 1622 794 1657 rerum
837 1622 948 1658 non
986 1622 1254 1674 quaerere.
1328 1604 1411 1659 Tu
1447 1608 1600 1659 vates
1636 1604 1892 1662 Boeotios

227 1677 396 1731 credis
449 1676 716 1731 Lebadiae
775 1677 973 1731 vidisse
1031 1696 1095 1731 ex
1149 1678 1416 1749 gallorum
1472 1679 1893 1749 gallinaceorum
1914 1696 1959 1729 2⁰

226 1753 388 1804 cantu
424 1750 706 1804 victoriam
745 1769 861 1804 esse
891 1751 1284 1820 Thebanorum,
1323 1751 1448 1820 quia
1486 1753 1621 1822 galli
1657 1752 1788 1807 victi
1826 1754 1893 1808 si-

227 1824 336 1876 Iere
374 1824 624 1892 solerent,
663 1842 850 1877 canere
881 1824 1126 1877 victores.
1185 1824 1303 1877 Hoc
1333 1824 1567 1895 igiturp
1570 1843 1629 1879 er
1658 1827 1891 1897 gallinas
1939 1854 1942 1856 ·

225 1896 468 1966 Iuppiter
506 1900 691 1949 tantae
730 1897 938 1950 civitati
969 1897 1184 1968 signum
1215 1897 1414 1951 dabat?
1474 1897 1564 1951 Αιι
1591 1898 1720 1952 illae
1750 1918 1891 1970 aves,

224 1969 331 2022 nisi
369 1988 489 2023 cum
527 1970 789 2039 vicerunt,
827 1988 1016 2024 canere
1053 1988 1163 2023 non
1200 1970 1412 2024 solent?
1472 1970 1550 2024 At
1585 1974 1703 2025 tum
1741 1991 1890 2027 cane-

225 2043 359 2095 bant
401 2060 500 2096 nec
543 2041 803 2096 vicerant.
862 2042 925 2095 Id
971 2042 1113 2096 enim
1162 2047 1268 2113 est,
1319 2043 1551 2114 inquieS‚
1604 2048 1890 2100 ostentum.
1913 2061 1956 2095 2⁶

225 2115 483 2186 Magnum
513 2117 663 2169 vero!
695 2115 849 2186 quasi
878 2116 1065 2186 pisceS‚
1095 2134 1205 2170 non
1229 2085 1362 2188 g’alli
1385 2116 1693 2171 cecinerint!
1738 2117 1891 2182 Quod

227 2193 407 2241 autem
452 2191 536 2242 est
581 2192 816 2259 tempus,
863 2208 967 2258 quo
1006 2189 1087 2242 illi
1123 2207 1234 2243 non
1270 2193 1509 2259 cantent,
1554 2191 1640 2245 vel
1677 2195 1890 2246 noctur·

222 2280 352 2314 num
389 2262 477 2315 vel
508 2261 791 2315 diurnum?
846 2261 1046 2324 Quodsi
1075 2262 1305 2316 victores
1337 2263 1617 2318 alacritate
1649 2267 1702 2318 et
1735 2265 1889 2334 quasi

223 2333 434 2387 laetitia
471 2335 539 2387 ad
577 2335 869 2388 canendum
909 2336 1231 2405 excitantur,
1271 2336 1450 2406 potuit
1488 2337 1743 2391 accidisse
1781 2338 1927 2392 alia

227 2425 437 2476 quoque
482 2407 714 2477 laetitia,
760 2426 866 2477 qua
907 2409 974 2461 ad
1012 2411 1227 2462 cantum
1265 2412 1620 2463 moverentur.
1693 2410 1888 2465 Demo·
1910 2425 1955 2459 ³0

224 2480 388 2533 critus
445 2480 657 2549 quidem
712 2480 947 2550 optumis
995 2481 1173 2534 verbis
1227 2499 1444 2535 causam
1489 2482 1742 2552 explicat,
1794 2502 1888 2538 cur

224 2556 347 2605 ante
384 2554 556 2606 lucem
597 2554 729 2623 galli
768 2556 986 2622 canant3
1032 2554 1254 2622 depulso
1301 2554 1443 2607 enim
1482 2555 1545 2608 de
1581 2561 1796 2625 pectore
1833 2561 1888 2611 et

221 2625 278 2677 in
316 2643 472 2678 omne
509 2644 702 2695 corpus
742 2626 911 2680 diviso
951 2628 1006 2679 et
1042 2627 1322 2680 mitificato
1362 2627 1479 2681 cibo
1512 2631 1699 2682 cantus
1733 2630 1887 2683 edere

223 2697 400 2764 quiete
440 2698 692 2768 satiatos3
730 2699 822 2769 qui
853 2699 1066 2768 quidem
1098 2698 1390 2753 silentio
1427 2700 1682 2772 noctis',
1717 2705 1781 2756 ut
1810 2703 1915 2756 ait

223 2768 444 2838 Ennius,
1906 2787 1951 2822 aa

523 2884 535 2894 .
670 2888 679 2896 .
745 2844 964 2896 favent
1000 2842 1294 2898 faucibus
1333 2844 1537 2898 russis

440 2913 646 2968 Cantii
683 2917 1040 2985 plausuque
1079 2919 1373 2986 premunt
1411 2918 1564 2971 alas.
