2002 3178
556 150 668 196 ΜΒ.
703 149 736 198 1.
770 151 896 199 CAP.
929 155 1106 198 32—34
1135 157 1161 206 §
1192 157 1380 198 69—75.
1705 152 1809 206 173

129 271 429 345 fulgurales
461 278 517 326 et
545 273 770 326 rituales
803 273 945 343 libri,
975 273 1143 327 vestri
1175 273 1339 326 etiam
1368 273 1670 343 augurales,
1702 273 1811 326 alia

131 351 312 401 autem
361 346 543 400 subito
590 364 655 401 ex
698 350 944 417 tempore
989 348 1296 401 coniectura
1342 347 1700 417 explicantur,
1748 349 1811 400 ut

131 420 272 492 apud
325 419 624 474 Homerum
678 419 931 490 Calchas,
989 421 1082 490 qui
1135 439 1199 474 ex
1252 439 1534 492 passerum
1587 439 1809 475 numero

131 494 263 548 belli
310 493 532 548 Troiani
581 513 752 548 annos
802 498 1098 566 auguratus
1150 497 1254 564 est,
1308 498 1364 548 et
1411 498 1474 548 ut
1520 495 1579 548 in
1628 494 1810 548 Sullae

85 584 108 618 ο
130 568 392 639 scriptum
421 568 653 622 historia
682 568 941 637 videmus,
981 568 1124 638 quod
1154 572 1209 622 te
1238 569 1575 638 inspectante
1604 568 1810 623 factum

131 645 228 711 est,
266 645 343 711 ut,
379 660 502 697 cum
539 642 634 695 ille
672 642 730 695 in
770 660 903 714 agro
932 641 1149 696 Nolano
1180 642 1472 696 inmolaret
1503 645 1629 697 ante
1660 661 1811 713 prae—

130 716 352 786 torium,
402 717 471 770 ab
509 715 696 770 infima
735 734 831 770 ara
868 716 1051 770 subito
1091 716 1285 788 anguis
1325 719 1649 788 emergeret,
1689 735 1810 769 cum

130 789 346 859 quidem
369 788 428 844 O.
450 789 762 844 Postumius
801 790 1071 860 haruspex
1110 793 1292 844 oraret
1329 790 1500 859 illum,
1538 793 1600 844 ut
1637 790 1696 844 in
1727 809 1811 844 ex-

128 863 458 934 peditionem
497 864 786 917 exercitum
828 864 1096 933 educeret3
1133 864 1190 917 id
1227 882 1348 918 cum
1388 862 1541 917 Sulla
1578 863 1810 934 fecisset,

64 952 106 985 ιο
129 940 247 990 tum
300 939 426 990 ante
480 937 735 1007 oppidum
785 937 988 991 Nolam
1039 938 1441 991 florentissuma
1485 936 1810 991 Samnitium

127 1013 310 1065 castra
348 1010 504 1082 cepit.
571 1009 741 1064 Facta
779 1011 1087 1065 coniectura
1125 1011 1291 1064 etiam
1328 1011 1386 1065 in
1416 1011 1680 1082 Dionysio
1713 1015 1810 1081 est,
1844 1026 1895 1066 73

127 1085 292 1155 paulo
331 1087 458 1138 ante
496 1102 660 1154 quam
698 1102 925 1156 regnare
964 1085 1164 1156 coepit3
1204 1085 1296 1155 qui
1335 1104 1455 1140 cum
1489 1103 1587 1156 per
1618 1103 1811 1157 agrum

127 1157 453 1212 Leontinum
496 1158 603 1212 iter
645 1158 849 1212 faciens
889 1177 1086 1229 equum
1123 1159 1240 1230 ipse
1280 1159 1585 1213 demisisset
1622 1160 1680 1213 in
1718 1161 1811 1213 fiu-

130 1250 267 1302 men,
306 1232 618 1286 submersus
657 1251 824 1302 equus
855 1233 1208 1304 voraginibus
1239 1251 1350 1287 non
1381 1233 1613 1304 exstitit3
1653 1252 1811 1303 quem

64 1321 106 1356 ιε
128 1323 251 1361 cum
289 1306 526 1360 maxima
559 1306 902 1361 contentione
932 1325 1043 1361 non
1072 1307 1342 1377 potuisset
1373 1307 1669 1377 extrahere,
1709 1307 1811 1362 dis-

128 1379 313 1450 cessit,
373 1382 437 1434 ut
484 1379 564 1434 ait
617 1379 906 1454 Philistus,
964 1399 1124 1452 aegre
1174 1380 1368 1436 ferens.
1443 1380 1581 1436 Cum
1630 1385 1811 1436 autem

129 1453 470 1524 aliquantum
516 1459 839 1526 progressus
886 1458 1051 1525 esset,
1098 1455 1281 1509 subito
1329 1455 1602 1510 exaudivit
1639 1455 1812 1509 hinni-

127 1531 246 1581 tum
306 1527 649 1598 respexitque
710 1531 766 1582 et
818 1547 1014 1599 equum
1069 1529 1302 1583 alacrem
1356 1530 1532 1583 laetus
1588 1530 1813 1600 aspexit,

128 1602 278 1656 cuius
316 1601 375 1654 in
411 1601 541 1655 iuba
579 1620 804 1656 examen
842 1602 1023 1673 apium
1060 1603 1391 1657 consederat.
1453 1603 1606 1666 Quod
1637 1607 1811 1657 osten-

63 1691 106 1724 ιο
129 1678 246 1728 tum
291 1674 486 1729 habuit
523 1675 664 1730 hanc
701 1676 835 1746 vim,
884 1680 947 1729 ut
985 1677 1278 1746 Dionysius
1317 1678 1502 1747 paucis
1541 1681 1668 1749 post
1707 1678 1811 1731 die·
1828 1721 1861 1774 3
1863 1721 1898 1772 4

129 1749 230 1803 bus
260 1766 490 1820 regnare
520 1749 771 1820 coeperit.
825 1748 1001 1812 Quid?
1032 1750 1471 1805 Lacedaemoniis
1493 1751 1658 1822 paulo
1683 1755 1808 1806 ante
1844 1786 1898 1826 74

127 1822 466 1877 Leuctricam
519 1824 885 1878 calamitatem
941 1842 1078 1894 quae
1132 1824 1459 1896 significatio
1510 1824 1659 1880 facta
1711 1829 1810 1896 est,

129 1914 250 1951 cum
286 1896 346 1950 in
375 1895 626 1951 Herculis
663 1897 792 1952 fano
833 1916 985 1952 arma
1024 1902 1320 1952 sonuerunt
1348 1898 1705 1970 Herculisque
1745 1901 1811 1954 si-

129 1970 430 2024 mulacrum
468 1971 642 2025 multo
682 1971 876 2025 sudore
915 1973 1180 2026 manavit!
1234 1972 1312 2026 At
1350 1973 1536 2027 eodem
1566 1977 1811 2044 tempore

63 2059 107 2093 ns
129 2043 346 2114 Thebis,
382 2047 446 2098 ut
484 2044 564 2099 ait
594 2043 973 2116 CallistheneS,
1010 2046 1070 2099 in
1099 2047 1305 2116 templo
1337 2045 1588 2101 Herculis
1619 2049 1811 2102 valvae

128 2118 343 2173 clausae
374 2118 650 2190 repagulis
684 2119 864 2173 subito
895 2138 953 2173 se
982 2119 1134 2190 ipsae
1165 2123 1505 2191 aperuerunt,
1539 2140 1811 2192 armaque,

129 2209 266 2262 quae
302 2191 412 2246 fixa
446 2191 504 2246 in
541 2192 840 2263 parietibus
870 2192 1103 2262 fuerant,
1142 2211 1206 2248 ea
1237 2197 1364 2248 sunt
1394 2194 1546 2249 humi
1575 2195 1809 2250 inventa.

129 2264 371 2336 Cumque
424 2266 611 2320 eodem
662 2268 907 2336 tempore
962 2267 1103 2337 apud
1155 2266 1450 2322 Lebadiam
1496 2268 1808 2340 Trophonio

129 2356 216 2394 res
254 2339 437 2394 divina
472 2340 642 2409 fieret,
681 2341 860 2411 gallos
901 2341 1233 2412 gallinaceos
1272 2342 1331 2395 in
1368 2360 1431 2397 eo
1463 2343 1582 2397 loco
1615 2344 1692 2399 sic
1723 2345 1810 2398 ad-

64 2427 108 2460 ⁸⁰
131 2412 282 2467 sidue
333 2430 526 2468 canere
579 2414 841 2484 coepisse,
893 2418 956 2468 ut
1008 2415 1145 2468 nihil
1193 2416 1639 2487 intermitterent3
1691 2421 1810 2472 tum

132 2503 364 2558 augures
403 2486 600 2540 dixisse
638 2486 896 2542 Boeotios
935 2488 1316 2543 Thebanorum
1355 2507 1472 2544 esse
1510 2491 1809 2562 victoriam,

129 2563 418 2632 propterea
464 2560 607 2631 quod
653 2560 768 2614 avis
812 2560 910 2615 illa
954 2562 1100 2617 victa
1138 2562 1296 2617 silere
1335 2564 1558 2634 soleret,
1604 2583 1809 2635 canere,

130 2634 179 2688 si
213 2634 446 2688 vicisset.
506 2634 816 2704 Eademque
854 2638 1180 2706 tempestate
1218 2637 1406 2691 multis
1447 2637 1618 2709 signis
1649 2638 1809 2694 Lace·
1841 2650 1897 2691 75

131 2707 425 2762 daemoniis
456 2707 770 2762 Leuctricae
806 2727 1021 2781 pugnae
1059 2710 1343 2764 calamitas
1375 2712 1808 2766 denuntiabatur.

64 2794 107 2829 ³6
130 2779 377 2852 Namque
415 2785 471 2835 et
507 2781 565 2835 in
602 2781 881 2852 Lysandri,
921 2783 1013 2855 qui
1042 2782 1587 2839 Lacedaemoniorum
1626 2786 1808 2841 claris·

131 2854 300 2909 simus
344 2855 545 2925 fuerat,
590 2858 792 2924 statua,
840 2874 975 2926 quae
1013 2856 1244 2927 Delphis
1285 2859 1490 2928 stabat,
1535 2859 1593 2912 in
1632 2861 1807 2930 capite

130 2946 328 2983 corona
366 2930 546 2984 subito
587 2930 796 2983 exstitit
836 2949 898 2983 ex
939 2931 1142 2999 asperis
1182 2932 1364 2985 herbis
1397 2936 1452 2986 et
1483 2935 1804 3001 agrestibus,
