2002 3178
577 128 688 174 LIB.
719 129 754 174 Ι.
803 129 928 174 ΟΑΡ.
960 133 1091 175 5-8.
1130 134 1155 183 ξ
1186 134 1345 174 9—14.
1698 128 1802 181 149

125 253 265 322 dam,
303 267 442 322 quae
478 252 596 304 tum
636 248 937 304 observatis
976 249 1142 320 longo
1180 251 1426 319 tempore
1458 249 1831 320 significatio-¹

122 326 282 381 nibus
290 366 306 394 ,
353 327 472 379 tum
522 323 704 393 aliquo
753 323 1015 377 instinctu
1058 323 1354 393 inflatuque
1401 322 1581 376 divino
1618 322 1829 376 futura.

161 397 484 455 raenuntiat.
545 395 722 469 Quare
762 397 983 451 omittat
1020 414 1250 468 urguere
1289 395 1614 466 CarneadeS,
1661 396 1804 466 quod
1831 398 1866 449 -7

122 419 359 528 &ciebat
400 470 571 530 ,etiam
606 470 899 524 Panaetius
944 471 1246 540 requirens,
1283 469 1596 541 Iuppiterne
1635 469 1805 525 corni-

79 561 102 595 6
124 564 240 602 cem
278 565 312 600 a
347 546 519 615 laeva,
556 562 779 599 corvum
815 545 884 598 ab
917 544 1137 598 dextera
1166 562 1355 599 canere
1384 544 1647 597 iussisset.
1701 543 1805 597 Ob-

125 622 342 676 servata
363 622 492 674 sunt
514 618 648 672 haec
670 621 914 688 tempore
936 618 1180 671 inmenso
1206 620 1261 671 et
1286 617 1361 684 [in
1387 616 1802 688 significatione]

124 693 332 749 eventis
370 692 748 747 animadversa
778 694 833 745 et
862 694 1069 745 notata.
1130 690 1284 744 Nihil
1317 694 1400 745 est
1432 694 1627 761 autem,
1663 691 1840 800 quodN

123 785 234 822 non
278 766 651 839 longinquitas
695 768 1003 835 temporum
1051 765 1348 835 excipiente
1387 765 1649 819 memoria
1685 783 1806 835 pro·
1837 801 1841 836 ,

124 839 416 910 dendisque
465 839 830 894 monumentis
881 838 1091 892 efficere
1137 842 1299 907 atque
1346 838 1568 907 adsequi
1617 838 1841 909 possit!

61 929 103 963 ιο
123 913 314 967 Mirari
352 913 501 982 licet,
548 929 686 982 quae
724 911 835 965 sint
873 911 1248 965 animadversa
1286 930 1320 965 a
1356 912 1579 966 medicis
1617 913 1892 975 herba-113
1932 935 1966 978 ς,

124 1006 245 1041 rum
284 1004 506 1059 genera,
556 1002 694 1055 quae
731 984 974 1038 radicum
1013 983 1083 1039 ad
1120 1002 1333 1039 morsus
1371 985 1692 1056 bestiarum,
1739 986 1828 1043 ad
1876 976 1985 1066 ‘fs'

125 1061 404 1116 oculorum
441 1059 677 1129 morbos,
715 1058 784 1112 ad
821 1058 1061 1129 vulnera,
1100 1077 1330 1128 quorum
1368 1059 1478 1112 vim
1518 1062 1681 1129 atque
1715 1079 1808 1114 na-

124 1137 306 1190 turam
350 1133 492 1188 ratio
530 1150 826 1202 numquam
866 1132 1178 1203 explicavit,
1223 1132 1464 1186 utilitate
1504 1136 1559 1186 et
1597 1152 1685 1187 ars
1725 1137 1838 1188 est

126 1211 183 1262 et
233 1207 485 1262 inventor
527 1206 807 1278 probatus.
889 1209 1010 1278 Age
1057 1224 1140 1276 ea,
1189 1224 1324 1276 quae
1371 1225 1698 1277 quamquam
1745 1226 1835 1262 ex,

61 1297 104 1331 ιε»
127 1282 236 1336 alio
291 1298 486 1353 genere
538 1282 688 1350 sunt,
739 1283 924 1334 tamen
981 1280 1301 1334 divinationi
1355 1284 1482 1334 sunt
1530 1281 1810 1352 similiora,

125 1356 429 1410 videamus:

237 1458 454 1530 Atque
492 1456 688 1512 etiam
718 1460 948 1511 ventos
980 1461 1467 1529 praemonstrat
1497 1477 1686 1530 saepe
1715 1459 1810 1514 fu-

237 1604 554 1659 Inflatum
601 1623 795 1675 mare,
844 1624 981 1659 cum
1028 1605 1247 1659 subito
1286 1535 1675 1691 penitiilsquiise
1713 1610 1811 1661 tu·

239 1751 530 1822 Saxaque
569 1770 727 1807 cana
766 1752 927 1806 salis
965 1752 1152 1806 niveo
1193 1684 1779 1824 Spumapaeslffltdbre

64 1844 107 1877 ιο
147 1866 150 1868 -
239 1826 616 1882 Tristificas
663 1829 921 1880 certant
958 1825 1259 1897 Neptuno
1299 1827 1563 1882 reddere
1602 1847 1810 1899 voceS,

240 1900 371 1955 Aut
437 1899 668 1954 densus
731 1900 979 1954 stridor
1039 1918 1176 1954 cum
1238 1901 1414 1955 celso
1477 1920 1506 1955 e
1565 1902 1808 1988 vertice

239 2047 434 2103 Ortus
458 2047 836 2119 adaugescit
859 2048 1270 2118 scopulorum
1291 1979 1812 2121 saelpssqssssrflsus·

130 2151 313 2223 Atque
351 2151 437 2206 his
475 2169 655 2205 rerum
694 2151 1166 2221 praesensionibus
1204 2151 1564 2223 Prognostica
1601 2155 1698 2207 tua
1735 2172 1813 2207 re-
1845 2156 1877 2208 8

128 2225 272 2280 ferta
317 2228 458 2281 sunt.
534 2223 665 2288 Quis
703 2225 874 2296 igitur
912 2225 1102 2278 elicere
1142 2244 1331 2279 causas
1368 2227 1812 2296 praesensionum

64 2315 107 2349 2⁵
129 2299 347 2372 potest?
409 2298 515 2353 etsi
565 2298 721 2353 video
767 2297 1040 2353 Boethum
1088 2297 1329 2353 Stoicum
1383 2318 1499 2353 esse
1545 2304 1811 2371 conatum,

131 2373 224 2444 qui
267 2373 528 2428 hactenus
574 2372 782 2444 aliquid
820 2373 955 2444 egit,
1002 2376 1063 2426 ut
1102 2392 1286 2427 earum
1324 2373 1593 2428 rationem
1631 2394 1812 2428 rerum

131 2447 449 2519 explicaret,
503 2465 639 2517 quae
689 2445 748 2500 in
797 2447 936 2500 mari
985 2447 1202 2501 caelove
1249 2447 1455 2501 fierent.
1531 2447 1639 2502 Illa
1683 2468 1810 2503 vero
1846 2459 1900 2500 14

130 2539 226 2576 cur
263 2521 528 2589 eveniant,
568 2519 689 2590 quis
726 2520 1086 2591 probabiliter
1126 2520 1354 2575 dixerit?

241 2606 415 2663 Cana
451 2607 618 2661 fulix
656 2607 882 2661 itidem
919 2608 1179 2679 fugiens
1219 2628 1247 2663 e
1287 2610 1547 2681 gurgite
1585 2612 1769 2682 ponti

67 2697 109 2732 ιο
240 2681 522 2736 Nuntiat
587 2680 931 2736 horribilis
1000 2683 1286 2737 clamans
1354 2683 1603 2738 instare
1670 2704 1813 2756 pro-

241 2828 438 2885 Haud.
483 2827 768 2884 modicos
816 2830 1094 2884 tremulo
1143 2758 1811 2901 fundens'gelgiffture

1422 2908 1664 2960 cantus,
