2002 3178
570 147 683 195 ΠΒ.
716 145 772 193 11.
806 145 934 194 CAP.
967 150 1126 196 8-11,
1166 151 1191 204 ς
1222 154 1410 195 21-27.
1719 147 1829 202 205

150 270 291 338 sunt,
329 271 479 322 certa
516 286 634 323 esse
670 287 782 323 non
818 272 1061 341 possunt.
1131 268 1228 324 Sin
1266 273 1447 325 autem
1486 276 1692 325 certum
1731 273 1829 337 est,

150 341 280 412 quid
317 359 528 412 quaque
567 343 632 397 de
669 361 728 397 re
767 361 979 413 quoque
1017 347 1260 415 tempore
1298 344 1543 398 futurum
1575 345 1662 414 sit,
1702 344 1830 414 quid

149 418 248 485 est,
278 415 422 486 quod
451 434 538 470 me
570 416 826 471 adiuvent
854 417 1205 488 haruspices?
1240 420 1332 487 qui
1362 438 1484 473 cum
1514 436 1601 472 res
1633 418 1828 472 tristis·
1849 462 1916 514 10

149 489 316 543 simas
352 491 603 561 portendi
641 491 912 561 dixerunt,
958 492 1162 546 addunt
1201 493 1269 546 ad
1307 496 1608 546 extremum
1648 492 1830 546 omnia
1860 527 1916 566 25

104 579 126 611 5
148 563 322 617 levius
367 581 559 619 casura
598 565 761 619 rebus
809 565 1004 620 divinis
1049 567 1378 637 procuratis3
1424 567 1471 620 si
1510 566 1653 620 enim
1691 566 1829 619 nihil

147 636 213 690 fit
261 640 415 692 extra
456 638 656 709 fatum,
706 639 846 693 nihil
891 640 1063 694 levari
1106 658 1164 695 re
1212 641 1394 695 divina
1438 643 1636 711 potest.
1710 639 1829 694 Hoc

149 711 318 765 sentit
353 711 647 783 Homerus,
693 732 816 768 cum
855 717 1167 784 querentem
1205 714 1390 769 Iovem
1428 715 1648 785 inducit,
1688 714 1830 784 quod

148 782 513 856 Sarpedonem
549 787 725 841 filium
763 807 797 842 a
832 791 1009 842 morte
1047 792 1238 843 contra
1274 789 1450 842 fatum
1486 789 1691 859 eripere
1721 806 1831 842 non

146 862 348 929 posset.
411 859 531 915 Hoc
567 861 712 915 idem
750 862 1022 934 significat
1061 861 1298 917 Graecus
1336 863 1431 917 ille
1467 863 1525 917 in
1563 881 1683 916 eam
1715 881 1830 916 sen-

85 947 125 981 ιο
146 932 377 987 tentiam
415 952 624 988 versusz

220 1004 397 1070 Quod
433 1008 575 1063 fore
608 1013 908 1081 paratum
947 1013 1070 1081 est,
1117 1009 1181 1064 1‘d
1220 1029 1528 1065 summum
1568 1030 1829 1082 exsupe-

1311 1087 1416 1139 rat
1453 1085 1681 1140 Iovem.

147 1155 347 1210 Totum
384 1157 604 1212 omnino
641 1157 818 1212 fatum
850 1158 1016 1212 etiam
1043 1158 1327 1213 'Atellanio
1358 1178 1519 1213 versu
1548 1160 1663 1213 iure
1695 1159 1830 1212 mihi

148 1248 266 1284 esse
313 1230 541 1285 inrisum
589 1231 826 1302 videtur3
875 1233 970 1286 sed
1014 1233 1072 1286 in
1116 1234 1279 1287 rebus
1328 1236 1444 1287 tam
1483 1234 1684 1288 severis
1721 1251 1831 1287 non

149 1308 234 1358 est
270 1304 483 1358 iocandi
522 1305 687 1360 locus,
764 1304 1131 1360 Concludatur
1168 1307 1339 1378 igitur
1375 1307 1540 1362 ratio:
1592 1307 1649 1361 Si
1687 1307 1830 1361 enim

83 1391 124 1424 1⁵
146 1378 421 1449 provideri
456 1378 596 1432 nihil
633 1383 818 1450 potest
855 1380 1099 1434 futurum
1138 1399 1255 1435 esse
1295 1400 1496 1452 eorum,
1534 1400 1671 1452 quae
1703 1400 1830 1435 casu

145 1452 298 1522 fiunt,
337 1452 466 1523 quia
502 1470 620 1507 esse
650 1457 798 1508 certa
827 1472 938 1508 non
967 1458 1211 1525 possunt,
1249 1455 1511 1510 divinatio
1542 1456 1695 1509 nulla
1726 1458 1832 1524 est3

147 1526 235 1580 sin
278 1530 460 1580 autem
506 1527 705 1582 idcirco
744 1532 975 1599 possunt
1011 1529 1304 1600 provideri,
1352 1530 1479 1600 quia
1516 1533 1665 1585 certa
1704 1532 1831 1583 sunt

148 1603 204 1653 et
246 1599 461 1670 fatalia,
514 1619 700 1655 rursus
749 1602 1010 1656 divinatio
1060 1604 1214 1656 nulla
1260 1607 1366 1674 est3
1420 1622 1539 1658 eam
1587 1604 1730 1658 enim
1769 1607 1830 1657 tu

145 1673 495 1728 fortuitarum
540 1692 722 1729 rerum
761 1694 878 1730 esse
918 1676 1148 1731 dicebas,
1225 1675 1329 1731 Sed
1366 1677 1500 1732 haec
1535 1678 1702 1731 fuerit
1738 1695 1830 1731 no·
1862 1689 1917 1729 26

81 1761 126 1794 20
147 1748 233 1802 bis
276 1750 558 1818 tamquam
602 1749 739 1803 levis
786 1753 1095 1805 armaturae
1133 1751 1310 1822 prima
1349 1751 1611 1806 orationis
1651 1770 1830 1806 excur-

148 1821 255 1892 sio;
293 1840 436 1877 nunc
473 1823 772 1877 comminus
812 1841 1040 1896 agamus
1079 1826 1537 1896 experiamur-que,
1576 1826 1624 1880 si
1660 1826 1830 1896 possi-

147 1913 268 1950 mus
305 1907 508 1951 cornua
543 1915 882 1952 commovere
922 1899 1304 1970 disputationis
1342 1903 1483 1954 tuae.

255 1969 379 2024 Duo
433 1970 575 2024 enim
631 1989 831 2042 genera
883 1972 1159 2027 divinandi
1209 1991 1326 2027 esse
1372 1974 1610 2045 dicebas,
1662 1993 1830 2028 unum
1852 1976 1914 2028 11

147 2044 522 2114 artificiosum,
571 2045 805 2098 alterum
852 2047 1124 2117 naturale3
1178 2048 1532 2102 artificiosum
1580 2051 1829 2103 constare

81 2131 124 2164 2⁵
146 2118 350 2189 partim
380 2135 444 2171 ex
476 2118 797 2188 coniectura,
827 2121 1029 2189 partim
1060 2138 1126 2174 ex
1153 2121 1530 2175 observatione
1554 2122 1830 2191 diuturna3

146 2191 419 2260 naturale,
459 2192 603 2261 quod
640 2191 852 2246 animus
892 2194 1154 2265 arriperet
1193 2198 1289 2248 aut
1327 2195 1594 2266 exciperet
1631 2196 1827 2250 extrin-

149 2283 300 2318 secus
345 2283 409 2319 ex
456 2265 762 2336 divinitate,
807 2267 948 2321 unde
995 2286 1180 2322 omnes
1220 2268 1429 2323 animos
1468 2269 1694 2324 haustos
1734 2274 1829 2324 aut

148 2343 395 2409 acceptos
436 2342 530 2392 aut
567 2339 770 2394 libatos
802 2341 1137 2395 haberemus
1201 2343 1514 2397 Artificiosa
1545 2343 1826 2399 divinatio-

146 2412 232 2466 nis
285 2412 384 2466 illa
435 2412 547 2466 fere
597 2431 796 2485 genera
816 2415 1100 2485 ·ponebas:
1157 2417 1476 2487 extispicum
1522 2435 1829 2489 eorumque,

82 2497 125 2530 ³⁰
149 2485 242 2556 qui
279 2503 343 2539 ex
379 2485 688 2557 fulgoribus
726 2489 1061 2559 ostentisque
1093 2490 1476 2561 praedicerent,
1513 2494 1631 2544 tum
1663 2509 1828 2563 augu-

149 2578 269 2613 rum
321 2577 634 2630 eorumque,
689 2561 780 2630 qui
834 2562 1005 2633 signis
1060 2566 1155 2616 aut
1208 2564 1479 2618 ominibus
1531 2568 1827 2635 uterentur,

148 2651 411 2703 omneque
450 2651 618 2705 genus
657 2634 1015 2689 coniecturale
1054 2636 1111 2690 in
1148 2636 1251 2691 hoc
1287 2637 1399 2691 fere
1440 2656 1635 2709 genere
1665 2657 1826 2709 pone-

146 2706 262 2760 bas.
320 2705 466 2760 Illud
505 2710 687 2761 autem
715 2710 963 2763 naturale
995 2714 1091 2763 aut
1121 2710 1481 2765 concitatione
1510 2712 1708 2766 mentis
1741 2714 1825 2766 edi
1856 2724 1909 2764 27

148 2783 204 2834 et
242 2779 399 2850 quasi
433 2780 587 2834 fundi
623 2780 910 2835 videbatur
948 2788 1043 2837 aut
1081 2783 1262 2838 animo
1301 2803 1398 2855 per
1429 2803 1678 2840 somnum
1711 2805 1824 2841 sen-

82 2867 125 2901 ⁸5
149 2854 300 2908 sibus
336 2857 393 2908 et
430 2855 571 2908 curis
610 2873 778 2909 vacuo
816 2856 1101 2926 provideri.
1159 2856 1379 2911 Duxisti
1410 2862 1590 2913 autem
1623 2860 1821 2914 divina-

148 2927 351 2981 tionem
383 2946 596 2981 omnem
628 2947 661 2982 a
690 2929 866 2982 tribus
897 2930 1071 2995 rebus,
1114 2951 1146 2984 a
1178 2932 1291 2999 deo,
1324 2951 1355 2984 a
1387 2931 1516 2999 fato,
1552 2952 1584 2986 a
1615 2937 1817 2987 natura.
