2002 3178
541 149 653 198 Lm.
685 150 743 198 11.
788 150 915 198 OAP.
948 155 1137 198 22—26.
1178 155 1204 206 ς
1234 156 1425 197 49—54.
1717 151 1827 204 215

147 272 322 328 cisse?
375 269 480 327 Sed
530 288 632 343 ego
678 270 1022 343 insipientior
1068 289 1231 342 quam
1275 270 1379 355 11111
1402 270 1531 342 ipsi,
1578 271 1671 342 qui
1718 271 1828 326 ista

146 346 386 416 credunt,
425 344 518 416 qui
556 345 772 416 quidem
810 349 1001 401 contra
1039 363 1130 399 eos
1168 349 1283 399 tam
1325 345 1415 398 diu
1454 345 1739 416 disputem.

254 419 427 474 Vetus
475 422 658 474 autem
702 419 841 474 illud
879 419 1102 474 Catonis
1150 419 1439 473 admodum
1485 420 1683 474 scitum
1729 421 1828 490 est,
1845 421 1915 473 24

146 492 240 565 qui
276 493 466 548 mirari
503 511 562 548 se
599 493 802 562 aiebat,
842 493 984 563 quod
1020 511 1131 547 non
1168 493 1368 547 rideret
1405 491 1698 565 haruspex,
1735 493 1828 548 ha-

102 582 123 616 5
144 567 414 639 ruspicem
451 585 574 622 cum
609 567 849 622 vidisset.
910 566 1089 629 Quota
1127 566 1269 620 enim
1308 585 1550 637 quaeque
1587 585 1674 621 res
1713 585 1827 621 eve-
1859 578 1914 619 52

143 641 229 696 nit
265 640 542 712 praedicta
579 641 649 695 ab
686 641 850 694 istis?
890 644 1007 711 aut,
1053 641 1102 694 si
1140 641 1320 695 evenit
1359 641 1660 711 quippiam,
1700 641 1828 711 quid

146 713 347 770 adferri
382 718 581 786 potest,
619 733 714 769 cur
742 733 853 768 non
884 733 1014 769 casu
1043 714 1100 768 id
1132 715 1405 769 evenerit?
1450 714 1567 768 Rex
1590 715 1828 784 Prusias,

145 806 269 844 011111
304 787 604 843 Hannibali
648 788 793 860 apud
839 807 961 842 eum
1007 788 1278 842 exsulanti
1316 788 1617 860 depugnari
1653 790 1828 860 place-

144 865 254 933 ret,
289 862 530 934 negabat
567 880 624 916 se
664 862 873 932 audere,
912 862 1055 932 quod
1093 866 1219 916 exta
1255 862 1621 932 prohiberent.
1684 862 1828 916 ‘Ain

81 934 278 991 mtu?'
323 935 524 1006 inquit,
579 935 990 991 ‘carunculae
1035 936 1355 990 vitulinae
1400 937 1602 990 mavis
1642 955 1827 1007 quam

143 1008 527 1081 imperatori
577 1009 787 1064 veteri
840 1009 1163 1065 credereP'
1228 1008 1403 1072 Quid?
1455 1010 1574 1081 ipse
1627 1009 1828 1065 Caesar

146 1101 269 1138 cum
317 1102 352 1138 a
392 1101 611 1138 summo
661 1083 946 1153 haruspice
980 1086 1324 1153 moneretur,
1367 1102 1435 1138 ne
1480 1084 1538 1137 in
1583 1084 1827 1139 Africam

145 1161 272 1212 ante
315 1157 566 1212 brumam
602 1158 1024 1227 transmitteret,
1072 1175 1252 1212 nonne
1290 1158 1634 1213 transmisit?
1685 1158 1829 1229 quod

144 1230 204 1285 ni
246 1230 485 1301 fecisset,
530 1249 638 1286 uno
683 1231 741 1284 in
785 1232 905 1286 loco
944 1249 1131 1285 omnes
1170 1231 1603 1286 adversariorum
1642 1233 1828 1303 copiae

83 1318 123 1354 ιδ
146 1304 538 1360 convenissent.
599 1303 738 1368 Quid
777 1322 877 1376 ego
915 1304 1265 1376 haruspicum
1302 1324 1564 1376 responsa
1602 1325 1829 1361 comme·

145 1396 353 1434 morem
383 1375 632 1450 (possum
665 1379 912 1449 equidem
941 1378 1395 1450 innumerabilia),
1428 1398 1564 1450 quae
1597 1383 1691 1434 aut
1713 1381 1829 1434 nul·

144 1452 230 1508 los
266 1451 560 1507 habuerint
597 1452 771 1506 exitus
813 1456 907 1507 aut
945 1453 1284 1507 contrarios?
1337 1452 1457 1508 Hoc
1488 1454 1635 1508 civili
1665 1455 1827 1524 bello,
1859 1463 1915 1504 53

145 1526 201 1580 di
243 1525 583 1581 inmortales!
632 1545 795 1597 quam
841 1527 1016 1580 multa
1059 1527 1329 1580 luserunt!
1385 1545 1520 1597 quae
1565 1528 1725 1582 nobis
1770 1528 1827 1582 in

146 1598 430 1654 Graeciam
483 1600 660 1654 Roma
719 1619 981 1671 responsa
1039 1600 1388 1671 haruspicum
1449 1601 1618 1656 missa
1678 1603 1827 1657 sunt!

80 1688 124 1722 πο
147 1691 283 1744 quae
337 1673 481 1728 dicta
524 1673 806 1744 Pompeio!
861 1674 1060 1728 etenim
1109 1674 1204 1728 ille
1254 1674 1543 1728 admodum
1589 1675 1726 1730 extis
1773 1679 1828 1730 et

145 1747 379 1802 ostentis
431 1748 766 1802 movebatur.
847 1746 976 1802 Non
1026 1748 1178 1802 lubet
1231 1766 1675 1820 commemorare,
1729 1768 1828 1805 nec

144 1839 273 1876 vero
309 1839 525 1876 necesse
555 1825 655 1892 est,
691 1821 795 1875 tibi
825 1822 1160 1892 praesertim,
1199 1822 1292 1892 qui
1320 1822 1640 1893 interfuisti;
1677 1823 1826 1877 vides

143 1897 330 1950 tamen
366 1895 550 1950 omnia
586 1894 699 1949 fere
738 1899 942 1965 contra,
981 1914 1043 1950 00
1074 1896 1218 1950 dicta
1249 1895 1375 1966 sint,
1412 1897 1669 1951 evenisse.
1724 1896 1827 1952 Sed

144 1968 279 2023 11000
315 1968 600 2039 hactenus3
636 1987 778 2024 nunc
816 1969 886 2023 ad
923 1972 1139 2024 ostenta
1176 1970 1473 2024 veniamus.
1845 2012 1915 2065 25

254 2041 432 2096 Multa
462 2060 548 2096 me
578 2043 797 2097 consule
829 2062 862 2096 a
883 2062 970 2096 me
992 2043 1113 2113 ipso
1138 2043 1342 2114 scripta
1364 2044 1622 2114 recitasti,
1654 2046 1828 2099 multa
1859 2078 1914 2118 54

146 2118 272 2170 ante
324 2115 614 2170 Marsicum
665 2116 871 2170 bellum
926 2135 957 2169 a
1011 2114 1238 2170 Sisenna
1290 2118 1521 2171 collecta
1573 2119 1827 2189 attulisti,

148 2189 320 2243 multa
358 2192 484 2243 ante
506 2189 1050 2244 Lacedaemoniorum
1082 2191 1283 2243 malam
1314 2209 1555 2262 pugnam
1586 2192 1642 2245 in
1665 2192 1826 2248 Leuc·

146 2263 297 2317 tricis
342 2282 375 2317 a
421 2261 753 2317 Callisthene
799 2267 1220 2318 commemorata
1266 2264 1473 2335 dixisti3
1519 2266 1584 2319 de
1632 2267 1825 2336 quibus

146 2336 320 2391 dicam
365 2337 612 2407 equidem
658 2337 913 2409 singulis,
960 2337 1136 2407 quoad
1174 2337 1467 2409 videbitur3
1520 2339 1614 2393 sed
1653 2341 1824 2395 dicen-

81 2425 124 2459 ω
147 2410 275 2464 dum
320 2410 486 2464 etiam
531 2414 615 2465 est
661 2411 725 2464 de
770 2411 1051 2465 universis,
1128 2410 1275 2474 Quae
1322 2416 1406 2466 est
1452 2412 1593 2467 enim
1639 2414 1748 2468 ista
1792 2433 1826 2469 0

146 2483 260 2539 deis
298 2483 542 2555 profecta
580 2484 905 2555 significatio
945 2487 1000 2538 et
1038 2486 1194 2555 quasi
1234 2486 1570 2541 denuntiatio
1611 2488 1826 2541 calami-

145 2558 360 2612 tatum?
407 2558 535 2627 quid
580 2561 760 2611 autem
804 2558 995 2612 volunt
1041 2559 1094 2612 di
1132 2559 1450 2613 inmortales
1487 2560 1724 2631 primum
1762 2580 1826 2615 ea

146 2631 537 2702 significantes,
593 2649 728 2701 quae
783 2631 896 2685 sine
951 2631 1338 2702 interpretibus
1392 2651 1502 2687 non
1553 2635 1825 2704 possimus

145 2703 486 2777 intellegere,
534 2705 722 2758 deinde
769 2723 854 2774 ea,
900 2723 1036 2775 quae
1083 2724 1271 2760 cavere
1314 2709 1680 2777 nequeamus?
1748 2708 1825 2762 At

83 2791 124 2826 ω
145 2777 249 2832 hoc
293 2796 361 2831 ne
405 2778 650 2832 homines
699 2778 912 2848 quidem
951 2779 1109 2849 probi
1146 2779 1374 2849 faciunt,
1422 2784 1484 2834 ut
1523 2781 1710 2835 amicis
1747 2782 1824 2835 in—

144 2851 863 2996 Εἰῗῇθᾘὲἒᾱέἲῖἒὲῖἰῗθὶι
876 2853 1824 3000 Ρῶἶῖιῗέἓᾛαὲξὲἓῃξῑέξιέἷέἓὲἑῗ

750 2967 763 2995 7
1085 2967 1101 2997 5
