2002 3178
549 113 661 161 ΗΒ.
694 114 730 161 1.
764 114 891 162 CAP.
923 121 1112 163 44—47.
1145 121 1171 171 ς
1201 122 1420 164 99-105.
1730 119 1834 173 183

152 236 362 304 verunt,
392 233 488 288 sed
519 234 685 289 etiam
714 235 1011 307 hominum,
1041 255 1178 307 quae
1208 242 1406 292 vocant
1437 239 1632 293 omina.
1687 238 1835 301 Quae

153 307 385 363 maiores
422 309 599 362 nostri
638 309 765 380 quia
794 311 976 365 valere
1007 311 1314 381 censebant,
1351 312 1550 367 idcirco
1584 313 1834 367 omnibus

151 381 314 436 rebus
353 382 576 453 agendis
616 382 803 447 ‘QUOD
834 399 1054 454 nomm,
1092 399 1375 456 FAusTUM,
1414 401 1590 440 FELIX
1620 402 1836 442 nomu-

151 469 472 520 NATUMQUE
504 456 702 511 ESSET'
731 457 1135 529 praefabantur,
1165 459 1431 530 rebusque
1457 461 1666 531 divinis,
1699 479 1835 531 quae

16 543 19 545 ·
107 542 131 578 ⁶
150 528 365 600 publice
410 529 622 600 fierent,
667 534 731 585 ut
770 530 1106 586 ‘FAVERENT
1144 533 1425 604 LINGUIS',
1464 534 1835 604 imperabatur

150 601 313 672 inque
363 601 515 658 feriis
568 604 921 676 imperandis,
974 609 1037 660 ut
1083 606 1337 662 ‘LITIBUS
1383 623 1458 661 ET
1504 623 1718 663 umens
1766 623 1833 664 sn·

151 677 601 733 ABSTINERENT'.
674 678 921 750 Itemque
967 680 1025 733 in
1070 680 1353 735 lustranda
1395 682 1608 736 colonia
1647 683 1715 736 ab
1756 701 1836 753 e0,

152 750 246 821 qui
284 768 404 805 eam
442 751 740 822 deduceret,
783 756 838 806 et
875 772 997 808 cum
1035 754 1333 825 imperator
1370 756 1680 826 exercitum,
1718 775 1835 811 cen-

152 841 244 879 sor
287 825 550 895 populum
587 826 868 897 lustraret,
914 828 1072 882 bonis
1109 828 1443 899 nominibuS,
1491 831 1584 900 qui
1622 831 1833 885 hostias

88 912 131 946 ιο
153 897 420 968 ducerent,
459 899 814 971 eligebantur.
881 900 1036 963 Quod
1072 902 1215 956 idem
1253 903 1311 956 in
1349 903 1549 957 dilectu
1585 905 1833 959 consules

151 971 466 1043 observant,
504 976 567 1027 ut
602 974 810 1044 primus
850 975 1004 1028 miles
1043 975 1141 1029 fiat
1179 976 1322 1031 bono
1361 978 1593 1031 nomine.
1663 978 1810 1041 Quae
1838 990 1919 1031 103

152 1045 368 1116 quidem
399 1065 434 1100 a
462 1049 518 1101 te
548 1047 653 1102 scis
686 1051 743 1101 et
772 1049 990 1104 consule
1022 1052 1077 1103 et
1106 1049 1435 1120 imperatore
1467 1070 1680 1106 summa
1711 1072 1834 1106 cum

150 1119 413 1190 religione
460 1139 578 1175 esse
619 1125 849 1176 servata.
910 1122 1356 1195 Praerogativam
1397 1125 1563 1179 etiam
1601 1127 1833 1181 maiores

151 1211 311 1248 omen
338 1194 606 1249 iustorum
638 1196 979 1251 comitiorum
1013 1216 1129 1251 esse
1161 1199 1462 1253 voluerunt.
1523 1199 1706 1271 Atque
1732 1219 1831 1273 ego
1850 1205 1920 1258 46

86 1282 128 1317 1⁵
152 1267 399 1339 exempla
451 1269 691 1324 ominum
743 1274 876 1325 nota
923 1271 1219 1342 proferam:
1279 1272 1338 1327 L.
1383 1272 1587 1328 Paulus
1645 1276 1834 1329 consul

150 1341 364 1412 iterum,
402 1360 525 1398 cum
563 1343 611 1397 ei
641 1344 845 1398 bellum
884 1349 948 1399 ut
986 1365 1107 1400 cum
1144 1365 1273 1418 rege
1302 1346 1467 1402 Perse
1499 1352 1713 1420 gereret
1744 1350 1834 1403 ob-

150 1415 392 1487 tigisset,
440 1420 505 1470 ut
548 1435 612 1472 ea
656 1418 778 1488 ipsa
824 1419 908 1473 die
954 1419 1173 1474 domum
1221 1420 1290 1474 ad
1335 1440 1621 1492 vesperum
1658 1423 1834 1493 rediit,

118 1558 121 1561 Ι
149 1489 379 1544 filiolam
410 1509 563 1545 suam
586 1490 845 1563 Tertiam,
875 1512 1012 1563 quae
1043 1497 1157 1547 tum
1195 1497 1313 1548 erat
1337 1496 1625 1549 admodum
1649 1516 1833 1567 parva,

152 1564 401 1619 osculans
456 1565 695 1619 animum
749 1567 986 1620 advertit
1038 1568 1380 1622 tristiculam.
1453 1569 1642 1632 ‘Quid
1695 1572 1834 1640 est',

85 1637 343 1707 eoinquit,
375 1637 536 1692 ‘mea
565 1639 822 1694 Tertia?
859 1641 1010 1711 quid
1041 1642 1261 1694 tristis
1293 1642 1424 1697 es?'
1464 1642 1575 1697 ‘Mi
1605 1644 1835 1716 pater',

149 1710 344 1782 inquit,
384 1711 608 1767 ‘Persa
643 1713 878 1783 periit?
940 1714 1078 1768 Tum
1112 1715 1207 1769 ille
1239 1716 1411 1770 artius
1441 1718 1682 1787 puellam
1714 1737 1834 1773 con·

149 1785 361 1856 plexus:
402 1785 736 1857 ‘Accipio',
774 1788 966 1858 inquit,
1011 1788 1172 1843 ‘mea
1201 1789 1374 1861 filia,
1414 1791 1637 1846 omen'.
1696 1792 1835 1847 Erat

151 1861 333 1913 autem
370 1863 616 1914 mortuus
655 1861 883 1916 catellus
923 1880 985 1917 eo
1023 1863 1257 1917 nomine.
1325 1864 1385 1918 L.
1416 1863 1685 1936 Flaccum,
1728 1867 1818 1921 fla·
1839 1879 1921 1919 104

150 1932 351 1987 minem
387 1932 718 2005 Martialem,
758 1954 859 2007 ego
900 1936 1102 2007 audivi,
1142 1956 1263 1991 cum
1303 1938 1503 1992 diceret
1542 1938 1834 1995 Caeciliam

84 2021 128 2055 ²5
149 2005 374 2077 Metelli,
404 2025 527 2062 cum
557 2009 724 2062 vellet
755 2010 958 2064 sororis
991 2029 1119 2064 suae
1148 2011 1319 2065 filiam
1342 2012 1401 2066 in
1423 2014 1834 2069 matrimonium

150 2080 447 2151 conlocare,
479 2082 652 2136 exisse
681 2083 742 2136 in
772 2084 1041 2153 quoddam
1072 2086 1332 2139 sacellum
1360 2087 1555 2140 ominis
1587 2089 1834 2159 capiendi

151 2172 335 2224 causa,
385 2155 530 2225 quod
572 2155 688 2210 fieri
726 2175 876 2212 more
914 2161 1159 2212 veterum
1197 2160 1424 2214 solebat.
1500 2160 1637 2215 Cum
1674 2163 1830 2234 virgo

152 2230 324 2282 staret
362 2231 418 2282 et
449 2227 683 2284 Caecilia
719 2230 777 2284 in
815 2231 952 2284 sella
990 2232 1200 2287 sederet
1235 2251 1410 2303 neque
1448 2234 1539 2288 diu
1578 2236 1690 2290 ulla
1729 2255 1834 2291 vox

151 2301 472 2372 exstitisset,
516 2304 756 2374 puellam
803 2305 1160 2377 defatigatam
1205 2307 1408 2377 petisse
1456 2327 1490 2362 a
1528 2313 1834 2381 matertera,

85 2389 128 2423 ³0
150 2378 213 2430 ut
243 2375 350 2430 sibi
380 2377 708 2448 concederet,
738 2379 1017 2450 paulipser
1046 2383 1108 2434 ut
1138 2380 1195 2434 in
1227 2381 1339 2435 eius
1374 2382 1510 2436 sella
1539 2384 1835 2454 requiesce-

150 2451 257 2520 ret3
306 2449 461 2504 illam
501 2454 683 2505 autem
723 2452 940 2506 dixisse:
988 2453 1196 2524 ‘Ver0,
1247 2474 1383 2509 mea
1420 2457 1662 2527 puella,
1707 2458 1835 2512 tibi

149 2523 426 2578 concedo
479 2543 650 2578 meas
702 2525 920 2580 sedes?
996 2526 1151 2590 Quod
1201 2547 1360 2582 omen
1410 2548 1497 2583 res
1547 2535 1836 2586 consecuta

150 2599 257 2667 est3
294 2597 415 2668 ipsa
453 2598 592 2652 enim
636 2599 789 2653 brevi
827 2603 1042 2655 mortua
1081 2605 1179 2672 est,
1217 2603 1374 2674 virgo
1415 2607 1596 2658 autem
1633 2607 1835 2677 nupsit,

149 2670 235 2724 cui
273 2670 507 2726 Caecilia
551 2676 723 2743 nupta
766 2672 961 2728 fuerat.
1029 2675 1178 2730 Haec
1223 2694 1383 2747 posse
1431 2680 1702 2733 contemni
1747 2681 1835 2734 vel

85 2757 129 2792 ιε
152 2744 318 2799 etiam
356 2745 521 2799 rideri
549 2747 827 2817 praeclare
857 2747 1135 2820 intellego,
1175 2750 1269 2803 sed
1299 2750 1355 2804 id
1386 2751 1566 2821 ipsum
1593 2756 1676 2806 est
1707 2753 1835 2809 deos

149 2835 261 2874 non
297 2816 505 2889 putare,
544 2838 682 2889 quae
720 2820 790 2875 ab
827 2820 896 2875 iis
935 2821 1327 2894 significantur,
1366 2828 1722 2881 contemnere.
1850 2870 1919 2921 47

259 2889 400 2955 Quid
429 2892 494 2948 de
525 2894 822 2965 auguribus
847 2895 1076 2966 loquar?
1116 2897 1263 2951 Tuae
1285 2901 1471 2969 partes
1496 2903 1637 2971 sunt,
1666 2904 1818 2955 tuum
1839 2935 1920 2975 105
