2002 3178
521 161 632 207 ΜΒ.
666 161 700 208 Ι.
734 160 861 208 cAP.
893 167 1083 209 42—44.
1116 167 1141 217 ξ
1172 167 1360 208 93—99.
1680 163 1779 217 181

105 283 267 337 rebus
311 266 607 338 maioribus
646 301 858 354 semper
897 285 992 337 aut
1029 282 1259 354 Delphis
1299 284 1541 337 oraclum
1581 287 1675 337 aut
1714 283 1783 338 ab

104 357 407 412 Hammone
446 359 540 411 aut
577 376 610 411 a
639 356 868 411 Dodona
905 357 1177 428 petebant.
1238 356 1517 429 Lycurgus
1555 358 1784 428 quidem,
1815 372 1870 412 96

106 431 198 502 qui
226 430 772 486 Lacedaemoniorum
804 450 919 486 rem
949 432 1224 502 publicam
1255 432 1596 502 temperavit,
1636 433 1783 503 leges

107 523 233 560 suas
271 506 594 560 auctoritate
633 505 908 577 Apollinis
947 505 1199 576 Delphici
1239 506 1601 575 confirmavit3
1651 524 1784 576 quas

62 595 83 629 ⁵
106 598 228 634 cum
271 580 440 634 vellet
477 580 755 651 Lysander
801 583 1156 650 commutare,
1203 580 1389 633 eadem
1429 583 1512 633 est
1550 580 1786 650 prohibi·

39 678 41 680 ·
105 656 196 708 tus
237 654 514 726 religione.
576 654 758 725 Atque
797 654 961 708 etiam
1000 654 1092 724 qui
1122 657 1412 724 praeerant
1434 653 1786 708 Lacedaemo-

106 728 227 798 niis,
256 746 367 783 non
397 729 638 784 contenti
668 728 1024 800 vigilantibus
1057 728 1198 782 curis
1230 727 1287 781 in
1309 727 1613 798 Pasiphaae
1643 729 1786 798 sanc,

107 802 249 872 quod
288 805 373 856 est
408 802 467 857 in
504 820 638 875 agro
676 806 901 874 propter
931 803 1135 872 urbem,
1174 802 1478 856 somniandi
1510 821 1673 857 causa
1704 821 1787 856 ex·

107 876 393 946 cubabant,
425 876 552 947 quia
574 895 703 931 vera
726 876 922 946 quietis
948 877 1131 930 oracla
1155 876 1436 930 ducebant.
1487 876 1574 930 Ad
1597 881 1787 931 nostra

43 965 84 999 ιο
105 949 216 1005 iam
253 950 428 1004 redeo,
489 949 749 1013 Quotiens
790 954 1008 1004 senatus
1048 950 1377 1004 decemviros
1410 950 1478 1004 ad
1509 951 1678 1005 libros
1709 951 1788 1006 ire

105 1023 287 1079 iussit!
326 1024 543 1095 quantis
581 1024 639 1078 in
675 1025 837 1078 rebus
877 1042 1145 1095 quamque
1185 1042 1344 1094 saepe
1383 1025 1656 1095 responsis
1696 1025 1786 1079 ha-

106 1098 380 1170 ruspicum
416 1098 620 1169 paruit!
674 1097 820 1152 Nam
860 1102 914 1152 et
951 1117 1073 1152 cum
1113 1098 1217 1152 duo
1257 1098 1361 1152 visi
1393 1099 1536 1152 soles
1569 1103 1695 1153 sunt
1735 1103 1788 1153 et

107 1191 229 1228 cum
267 1175 380 1227 tres
417 1173 576 1227 lunae
615 1175 672 1226 et
709 1191 830 1227 cum
867 1172 1028 1242 faceS,
1068 1175 1124 1226 et
1161 1191 1283 1226 cum
1323 1173 1406 1227 sol
1443 1176 1601 1227 nocte
1640 1174 1788 1227 visus

108 1249 216 1317 est,
254 1249 310 1300 et
347 1264 470 1301 cum
509 1265 537 1300 e
577 1246 725 1301 caelo
763 1246 1014 1300 fremitus
1055 1246 1285 1316 auditus,
1325 1249 1381 1300 et
1420 1265 1541 1301 cum
1580 1248 1788 1302 caelum

43 1337 84 1371 ιε
108 1320 418 1376 discessisse
463 1320 640 1376 visum
685 1323 770 1374 est
815 1324 976 1391 atque
1023 1321 1082 1374 in
1120 1339 1182 1374 eo
1224 1320 1584 1375 animadversi
1624 1322 1789 1394 globi,

109 1395 290 1450 delata
335 1395 500 1451 etiam
546 1395 614 1449 ad
659 1398 908 1449 senatum
947 1395 1069 1449 labe
1107 1395 1226 1465 agri
1262 1394 1620 1466 Privernatis,
1667 1415 1787 1450 cum

108 1469 178 1525 ad
229 1469 500 1524 infinitam
553 1467 895 1523 altitudinem
948 1473 1095 1523 terra
1141 1469 1435 1523 desedisset
1480 1469 1789 1541 Apuliaque

109 1543 358 1598 maximis
389 1546 568 1598 terrae
599 1543 838 1598 motibus
870 1547 1232 1614 conquassata
1259 1547 1402 1597 esset
1427 1542 1646 1615 (quibus
1669 1564 1789 1616 por

108 1617 275 1672 tentis
312 1635 512 1689 magna
549 1619 748 1688 populo
779 1617 1026 1672 Romano
1066 1618 1213 1672 bella
1242 1618 1680 1689 perniciosaeque
1713 1638 1789 1674 se-

45 1707 88 1741 20
111 1691 341 1746 ditiones
388 1691 867 1761 denuntiabantur3
915 1693 1077 1761 inque
1116 1692 1202 1745 his
1243 1692 1491 1746 omnibus
1531 1712 1790 1764 responsa

109 1765 458 1836 haruspicum
487 1784 610 1821 cum
633 1763 873 1836 Sibyllae
905 1766 1150 1820 versibus
1175 1765 1593 1838 congruebant);
1626 1768 1789 1838 quid?

109 1858 232 1896 cum
273 1838 459 1895 Cumis
497 1839 701 1910 Apollo
748 1840 986 1910 sudavit,
1037 1839 1253 1910 Capuae
1292 1839 1574 1895 Victoria?
1626 1843 1790 1912 quid?

110 1916 264 1970 ortus
295 1913 596 1984 androgyni
624 1932 802 1968 nonne
831 1914 1001 1968 fatale
1026 1914 1295 1984 quoddam
1320 1918 1626 1969 monstrum
1648 1915 1790 1970 fuit?

112 1987 276 2060 quid?
313 2006 436 2043 cum
464 1987 660 2043 fluvius
683 1988 913 2042 Atratus
945 1989 1207 2060 sanguine
1239 1988 1430 2042 fiuxit?
1470 1989 1634 2059 quid?
1669 2008 1790 2044 cum

46 2077 88 2112 2⁶
111 2080 272 2134 saepe
309 2061 568 2132 lapidum,
605 2062 885 2133 sanguinis
923 2081 1034 2116 non
1070 2081 1379 2131 numquam,
1419 2065 1597 2117 terrae
1627 2064 1790 2118 inter-

112 2137 255 2207 dum,
286 2135 558 2206 quondam
589 2135 755 2189 etiam
786 2136 945 2190 lactis
977 2136 1150 2189 imber
1174 2136 1430 2190 defluxit?
1471 2137 1636 2207 quid?
1670 2157 1790 2192 cum

110 2210 170 2265 in
207 2208 479 2281 Capitolio
515 2209 656 2264 ictus
697 2208 995 2264 Centaurus
1034 2228 1063 2263 e
1102 2210 1251 2264 caelo
1292 2213 1389 2279 est,
1426 2209 1485 2264 in
1515 2210 1787 2267 Aventino

111 2286 303 2356 portae
341 2286 397 2337 et
431 2282 694 2354 homineS,
732 2282 953 2338 Tusculi
992 2283 1149 2338 aedes
1184 2282 1428 2338 Castoris
1468 2287 1523 2339 et
1551 2286 1790 2341 Pollucis

112 2358 424 2428 Romaeque
468 2356 720 2412 Pietatis·
773 2376 950 2413 nonne
1004 2361 1060 2412 et
1105 2357 1418 2429 haruspices
1466 2376 1529 2413 ea
1574 2378 1791 2431 respon·

46 2445 90 2480 ⁸⁰
114 2433 331 2502 derunt,
376 2450 512 2502 quae
550 2435 865 2501 evenerunt,
910 2435 965 2486 et
1002 2431 1060 2486 in
1098 2429 1338 2502 Sibyllae
1377 2432 1532 2487 libris
1575 2435 1790 2489 eaedem

112 2508 359 2578 repertae
395 2505 788 2576 praedictiones
828 2506 991 2561 sunt?

1819 891 1871 931 97

1822 1781 1878 1822 98

225 2578 488 2635 Caeciliae
518 2578 579 2642 Q
616 2579 761 2633 filiae
793 2580 1002 2635 somnio
1034 2580 1192 2635 modo
1216 2580 1448 2635 Marsico
1480 2581 1626 2636 bello
1658 2585 1790 2637 tem·
1807 2566 1880 2619 44

113 2654 266 2726 plum
304 2656 388 2708 est
427 2672 461 2707 a
498 2657 688 2708 senatu
726 2653 920 2709 Iunoni
958 2653 1207 2726 Sospitae
1247 2656 1575 2709 restitutum
1639 2655 1790 2719 Quod

114 2728 329 2799 quidem
378 2727 648 2782 somnium
694 2726 920 2783 Sisenna
968 2748 1089 2783 cum
1136 2729 1521 2800 disputavisset
1567 2730 1790 2785 mirifice

48 2814 92 2849 ³⁶
115 2803 184 2857 ad
206 2802 431 2857 verbum
454 2820 575 2856 cum
607 2820 664 2856 re
695 2802 1020 2872 convenisse,
1051 2806 1169 2857 tum
1192 2803 1501 2873 insolenter,
1532 2805 1688 2859 credo
1723 2806 1791 2859 ab

112 2875 380 2948 Epicureo
419 2876 601 2946 aliquo
639 2876 911 2946 inductus,
950 2877 1192 2947 disputat
1239 2877 1461 2931 somniis
1502 2879 1646 2932 credi
1682 2897 1792 2933 non

67 2966 71 2971 ·
115 2953 379 3021 oportere.
417 2948 567 3004 Idem
591 2953 781 3005 contra
804 2954 1018 3005 ostenta
1040 2951 1177 3004 nihil
1204 2951 1444 3021 disputat
1469 2953 1791 3024 exponitque

1824 2632 1879 2672 99
