2002 3178
528 147 644 194 ΜΒ.
676 147 734 195 11.
775 147 904 194 CAP.
937 151 1126 193 28—30.
1166 152 1191 202 5
1224 152 1412 193 60—64.
1704 147 1810 200 219

135 266 485 322 Calchantem
525 267 706 322 dixisti
748 287 812 322 ex
850 286 1131 339 passerum
1169 286 1391 321 numero
1431 266 1561 321 belli
1593 265 1813 320 Troiani

134 359 305 396 annos
350 345 700 413 auguratum3
749 341 814 397 de
859 341 1009 397 cuius
1055 341 1362 396 coniectura
1409 342 1486 395 sic
1524 340 1667 410 apud
1703 339 1813 394 Ho-

135 433 365 485 merum,
423 418 487 469 ut
545 434 646 471 nos
707 415 871 470 otiosi
930 416 1315 486 convertimus,
1375 415 1618 485 loquitur
1669 413 1812 485 Aga-

135 507 408 544 memnon:

91 577 113 611 ὁ
206 562 419 633 Ferte,
455 563 604 634 viri,
643 567 707 618 et
745 563 939 618 duros
978 564 1186 618 animo
1218 563 1502 617 tolerate
1533 563 1813 631 labores,

74 1094 115 1128 10

74 1685 116 1720 15

209 636 495 709 Auguris
540 640 612 691 ut
654 637 870 692 nostri
908 636 1287 692 Calchantis
1334 637 1473 694 fata
1511 654 1813 707 queamus

209 707 400 766 Scire
469 715 732 766 ratosne
791 712 1073 766 habeant
1134 730 1212 766 an
1270 729 1468 765 vanos
1527 710 1813 781 pectoris

1469 802 1667 839 orsus.
1754 836 1758 840 .

208 856 495 930 Namque
563 877 779 914 omnes
847 858 1116 914 memori
1174 861 1545 930 portentum
1605 861 1815 913 mente

1307 936 1669 1003 retentant,

170 1050 175 1054 .
210 1003 331 1069 Qui
365 1024 492 1060 non
518 1004 815 1077 junestis
854 1007 1191 1077 liquerunt
1229 1007 1472 1060 lumina
1508 1006 1682 1059 fatis.

210 1078 546 1152 Argolicis
599 1080 876 1151 primum
927 1085 998 1135 ut
1049 1081 1296 1136 vestita
1346 1083 1444 1134 est
1490 1080 1814 1164 classibus

210 1224 383 1291 Quae
425 1227 686 1282 Priamo
739 1229 990 1283 cladem
1043 1232 1107 1285 et
1157 1228 1390 1283 Troiae
1443 1154 1814 1299 psselstbsinque

211 1373 345 1430 Nos
391 1375 630 1431 circum
668 1376 908 1430 latices
949 1376 1207 1448 gelidos
1245 1302 1815 1430 furgzlnetligssss⁷aris

215 1449 559 1521 Aurigeris
599 1449 810 1505 divom
848 1451 1189 1521 placantes
1227 1450 1489 1503 numina
1525 1449 1735 1503 tauris

211 1520 337 1578 Sub
389 1524 664 1594 platano
717 1524 1100 1594 umbrifera,
1151 1524 1299 1579 fons
1352 1524 1514 1578 unde
1563 1527 1817 1612 emanat

211 1670 510 1726 Vidimus
548 1671 793 1726 inmani
832 1672 1047 1743 specie
1083 1675 1393 1742 tortuque
1430 1616 1769 1726 darzltlzgiiem

212 1744 621 1816 Terribilem,
651 1745 829 1801 Iovis
862 1749 932 1800 ut
961 1746 1152 1816 pulsu
1183 1749 1561 1816 penetraret
1584 1746 1660 1800 ab
1685 1764 1818 1816 ara3

212 1817 330 1882 Qui
352 1819 607 1890 platani
629 1820 694 1874 in
717 1838 891 1875 ramo
915 1820 1224 1875 foliorum
1247 1820 1532 1892 tegmine
1556 1823 1816 1890 saeptos

212 1891 549 1964 Corripuit
578 1894 823 1964 pullos3
861 1913 1019 1964 quos
1051 1913 1188 1948 cum
1219 1897 1625 1948 consumeret
1650 1897 1818 1965 octo,

211 1964 396 2021 Nona
445 1985 636 2039 super
684 1969 964 2022 tremulo
1012 1969 1313 2040 genetrix
1359 1969 1666 2039 clangore
1714 1986 1818 2022 vo-

215 2113 330 2168 Oui
366 2114 546 2168 ferus
585 2114 831 2168 inmani
868 2115 1148 2169 laniavit
1186 2115 1436 2169 viscera
1463 2042 1699 2169 lrraibiisiii.

212 2187 417 2258 Hunc,
461 2188 572 2242 ubi
616 2191 747 2242 tam
792 2192 1052 2243 teneros
1099 2189 1385 2243 volucris
1424 2192 1817 2273 matremque

213 2334 334 2398 Qui
370 2335 503 2389 luci
541 2335 854 2405 ediderat,
894 2336 1153 2407 genitor
1191 2267 1736 2392 Saturliiilizmildtem

214 2408 491 2463 Abdidit
529 2412 592 2463 et
630 2409 786 2463 duro
824 2410 1135 2464 formavit
1174 2410 1457 2482 tegmine
1496 2411 1648 2465 saxi.

213 2480 346 2536 Nos
378 2485 591 2536 autem
621 2483 837 2536 timidi
861 2486 1112 2537 stantes
1136 2484 1436 2538 mirabile
1460 2487 1818 2539 monstrum

214 2554 507 2609 Vidimus
545 2556 609 2609 in
648 2556 874 2611 mediis
915 2557 1125 2611 divom
1163 2558 1487 2612 versarier
1526 2558 1670 2611 aris.

214 2628 369 2683 Tum
409 2628 684 2683 Calchas
728 2629 1030 2686 haec-est
1073 2631 1310 2685 fidenti
1346 2649 1499 2686 voce
1536 2633 1816 2687 locutus:

215 2701 576 2766 ‘Quidnam
643 2707 1010 2775 torpentes
1080 2705 1298 2760 subito
1368 2705 1817 2789 obstipuistiS,

213 2849 420 2905 Nobis
450 2851 607 2905 haec
637 2854 945 2920 portenta
975 2851 1156 2905 deum
1188 2851 1364 2905 dedit
1394 2778 1817 2923 gilgaegator

215 2922 423 2978 Tarda
446 2927 508 2978 et
533 2943 676 2978 sera
694 2924 906 2993 nimis,
929 2925 1225 2980 sedfama
1246 2945 1314 2980 ac
1334 2926 1520 2981 laude
1539 2926 1816 2996 perenni.

1850 2201 1903 2241 64
