2002 3178
157 1251 210 1290 22

160 2054 214 2093 23

243 163 277 214 2
283 162 354 215 60
970 159 1051 203 DE
1082 158 1238 204 FATO

242 281 477 352 primum
531 280 578 334 si
630 279 764 333 mihi
816 279 985 333 libeat
1031 279 1289 332 adsentiri
1332 278 1566 349 Epicuro
1611 282 1667 334 et
1707 296 1908 350 negare

243 373 456 409 omnem
488 353 910 407 enuntiationem
942 355 1035 406 aut
1065 371 1249 406 veram
1280 371 1396 406 esse
1427 355 1523 406 aut
1547 351 1758 422 falsam,
1789 371 1907 407 eam

241 430 462 499 plagam
506 427 688 498 potius
735 427 996 496 accipiam
1043 445 1204 496 quam
1252 425 1367 480 fato
1415 426 1597 480 omnia
1631 426 1749 480 fieri
1786 443 1908 481 con-

241 503 488 572 probem3
525 501 624 554 illa
662 500 803 554 enim
842 500 1109 553 sententia
1146 500 1312 553 habet
1350 500 1555 569 aliquid
1593 499 1909 570 disputatio·

241 576 325 628 nis
334 618 348 645 ,
393 576 526 628 haec
571 592 698 628 vero
742 592 854 628 non
897 577 980 627 est
1024 573 1342 627 tolerabilis,
1406 572 1598 643 Itaque
1635 573 1909 629 contendit
1951 587 1974 621 5

243 648 416 702 omnis
454 665 648 702 nervos
682 646 1030 717 ChrysippuS,
1066 650 1129 700 ut
1158 646 1480 717 persuadeat
1511 665 1668 700 omne
1698 642 1909 716 ἀξίωμα

243 726 338 776 aut
374 740 560 776 verum
598 739 714 774 esse
753 724 847 774 aut
882 721 1096 774 falsum.
1168 719 1246 774 Ut
1282 719 1424 774 enim
1461 719 1726 790 Epicurus
1765 737 1909 774 vere-

241 800 345 865 tur,
383 814 464 865 ne,
503 796 551 848 si
587 795 690 849 hoc
729 794 1064 862 concesserit,
1104 793 1495 848 concedendum
1530 793 1603 847 sit
1631 793 1746 847 fato
1777 792 1910 862 fieri,

244 888 604 939 quaecumque
642 869 792 937 fiant,
828 865 900 939 (si
938 868 1079 921 enim
1118 868 1348 921 alterum
1378 870 1562 920 utrum
1591 885 1656 919 ex
1686 865 1910 925 aeterni·¹

241 946 357 996 tate
402 962 588 996 verum
635 942 729 1011 sit,
775 959 892 994 esse
935 941 991 994 id
1037 941 1203 995 etiam
1241 944 1445 995 certum
1484 943 1560 1010 et,
1605 940 1654 993 si
1690 942 1908 1007 certum,
1933 953 1976 996 1⁰

244 1017 407 1069 etiam
445 1015 825 1083 necessarium3
862 1015 942 1068 ita
979 1018 1034 1067 et
1067 1014 1445 1068 necessitatem
1482 1017 1538 1067 et
1573 1013 1748 1075 fatum
1789 1018 1910 1067 ocn-

241 1090 446 1142 firmari
482 1087 663 1159 putat)
711 1088 787 1142 sic
826 1087 1156 1157 Chrysippus
1195 1087 1407 1156 metuit,
1452 1105 1542 1156 ne,
1588 1087 1636 1149 si
1671 1105 1780 1141 non
1815 1085 1909 1140 ob-

242 1163 464 1216 tinuerit
509 1180 687 1231 omne,
737 1161 878 1231 quod
923 1161 1253 1230 enuntietur,
1304 1164 1398 1214 aut
1433 1178 1620 1214 verum
1659 1177 1777 1214 esse
1816 1161 1911 1221 aut,

243 1237 464 1306 falsum,
509 1254 620 1289 non
664 1238 846 1288 teneat
892 1235 1073 1287 omnia
1108 1234 1224 1288 fato
1262 1234 1381 1287 fieri
1418 1237 1575 1289 etex
1610 1233 1791 1295 causis
1827 1251 1910 1287 aee

243 1310 411 1363 ternis
464 1328 643 1362 rerum
694 1309 1012 1361 futurarum.
1083 1305 1188 1361 Sed
1238 1307 1502 1377 Epicurus
1557 1305 1910 1368 declinatione
1935 1319 1977 1352 15

245 1383 414 1437 atomi
461 1382 624 1436 vitari
667 1382 1042 1435 necessitatem
1087 1380 1189 1434 fati
1233 1383 1406 1450 putat.
1478 1379 1670 1450 Itaque
1716 1379 1910 1442 tertius

246 1457 461 1525 quidam
506 1459 686 1509 motus
733 1455 904 1509 oritur
950 1457 1103 1507 extra
1146 1454 1354 1523 pondus
1401 1456 1456 1506 et
1501 1453 1746 1524 plagam,
1791 1471 1912 1506 cum

246 1530 478 1583 declinat
525 1532 737 1582 atomus
783 1528 1071 1593 intervallo
1118 1527 1340 1580 minimo
1387 1524 1466 1596 (id
1511 1526 1754 1596 appellat
1793 1522 1912 1579 ἐλά-

245 1602 482 1673 χιστον);
521 1620 682 1672 quam
721 1601 1131 1655 declinationem
1170 1600 1284 1653 sine
1316 1617 1476 1653 causa
1506 1599 1626 1652 fieri
1656 1598 1704 1652 si
1735 1598 1911 1664 minus

244 1676 422 1729 verbis
431 1717 446 1745 ,
497 1693 555 1728 re
608 1675 820 1745 cogitur
872 1673 1129 1728 confiteri.
1204 1672 1330 1727 Non
1383 1673 1525 1726 enim
1580 1675 1792 1726 atomus
1843 1671 1911 1725 ab
1934 1684 1978 1716 2⁰

247 1753 427 1802 atomo
473 1748 632 1819 pulsa
677 1748 923 1801 declinat.
998 1746 1142 1800 Nam
1181 1746 1273 1816 qui
1308 1749 1492 1816 potest
1528 1746 1659 1815 pelli
1696 1745 1805 1798 alia
1843 1745 1910 1798 ab

246 1823 374 1890 alia,
420 1821 467 1875 si
513 1822 782 1893 gravitate
822 1821 1069 1874 feruntur
1107 1820 1175 1873 ad
1211 1819 1646 1889 perpendiculum
1685 1835 1911 1888 corpora.

245 1894 518 1948 individua
562 1895 721 1948 rectis
768 1893 946 1963 lineis,
999 1896 1060 1946 ut
1097 1892 1331 1962 Epicuro
1377 1892 1591 1962 placet?
1660 1888 1908 1960 Sequitur

246 1969 410 2036 enim,
458 1970 541 2036 ut,
592 1968 639 2021 si
693 1968 801 2021 alia
854 1967 922 2020 ab
971 1966 1079 2019 alia
1126 1983 1422 2035 numquam
1467 1964 1792 2034 depellatur,
1843 1981 1911 2016 nc

249 2042 528 2111 contingat
561 2041 773 2110 quidem
805 2040 913 2093 alia
944 2039 1121 2093 aliam.
1173 2039 1257 2091 Ex
1289 2057 1393 2108 quo
1426 2038 1670 2108 efficitur,
1701 2035 1912 2091 etiamsi
1936 2047 1979 2082 2⁵

247 2115 318 2166 sit
357 2118 566 2167 atomus
606 2132 772 2183 eaque
811 2113 1054 2182 declinet,
1093 2112 1358 2165 declinare
1389 2111 1502 2165 sine
1533 2128 1708 2166 causa.
1757 2108 1913 2163 Hanc

245 2187 508 2256 Epicurus
547 2187 813 2240 rationem
850 2186 1060 2238 induxit
1098 2186 1166 2238 ob
1207 2203 1326 2238 eam
1361 2203 1492 2254 rem,
1530 2183 1673 2254 quod
1709 2183 1912 2237 veritus

248 2263 352 2329 est,
389 2278 478 2326 ne,
519 2260 566 2312 si
604 2278 814 2329 semper
853 2262 1064 2312 atomus
1105 2258 1373 2328 gravitate
1409 2257 1641 2311 ferretur
1676 2254 1914 2310 naturali

248 2351 310 2386 ac
346 2333 659 2402 necessaria,
695 2332 833 2385 nihil
872 2332 1103 2384 liberum
1139 2331 1297 2384 nobis
1337 2333 1494 2400 esset,
1530 2348 1653 2384 cum
1688 2329 1768 2393 ita
1805 2345 1915 2381 mo-

251 2408 462 2458 veretur
515 2407 746 2474 animus,
806 2407 868 2457 ut
921 2408 1226 2457 atomorum
1278 2406 1430 2456 motu
1481 2404 1778 2473 cogeretur.
1850 2399 1914 2454 Id
1937 2415 1981 2449 80

248 2478 604 2547 DemocrituS,
644 2481 831 2532 auctor
869 2481 1189 2546 atomorum,
1228 2477 1464 2545 accipere
1495 2475 1703 2544 maluit,
1737 2491 1915 2528 neces-

167 2552 228 2602 11
252 2551 413 2603 sitate
453 2552 632 2604 omnia
669 2551 800 2620 fieri,
840 2568 1001 2619 quam
1034 2569 1066 2602 a
1103 2549 1417 2618 corporibus
1448 2547 1735 2601 individuis
1764 2550 1917 2600 natu-

252 2624 381 2675 ralis
422 2627 599 2676 motus
640 2624 882 2677 avellere.
947 2622 1174 2675 Acutius
1214 2620 1528 2691 Carneades,
1565 2620 1657 2690 qui
1694 2619 1918 2674 docebat

252 2713 410 2763 posse
448 2696 741 2764 Epicureos
792 2714 944 2748 suam
990 2713 1208 2748 causam
1255 2694 1370 2747 sine
1407 2694 1509 2747 hac
1547 2691 1919 2747 commenticia

254 2767 607 2820 declinatione
647 2769 938 2820 defendere.
998 2767 1140 2820 Nam
1180 2786 1300 2820 cum
1335 2767 1585 2820 docerent
1615 2783 1730 2818 esse
1760 2782 1917 2835 posse
1941 2777 1982 2811 3⁵

254 2840 518 2906 quendam
567 2841 731 2892 animi
780 2844 987 2893 motum
1033 2839 1421 2908 voluntarium,
1465 2838 1521 2891 id
1562 2837 1668 2892 fuit
1709 2836 1919 2891 defendi

215 2924 218 2926 ·
254 2911 444 2963 melius
497 2930 656 2978 quam
705 2913 1040 2965 introducere
1091 2911 1522 2979 declinationem,
1575 2910 1722 2964 cuius
1769 2927 1918 2979 prae·
