2002 3178
198 147 303 199 248
766 142 847 187 DE
878 141 1279 187 DIVINATIONE

198 265 346 319 cisse.
413 262 583 316 Video
622 261 989 332 sympathiam
1026 261 1201 314 visum
1241 264 1324 314 est
1361 261 1502 315 enim
1539 261 1651 314 tale
1689 260 1859 316 obiec-

198 342 315 391 tum
353 336 660 405 dormienti,
705 339 766 388 ut
803 335 879 403 id,
927 335 1069 404 quod
1107 333 1305 403 evenit,
1348 337 1573 387 naturae
1609 333 1715 403 vis,
1750 351 1861 388 non

199 410 378 480 opinio
433 408 629 463 erroris
684 408 930 462 effecerit.
1002 407 1148 469 Quae
1201 407 1369 479 igitur
1419 410 1615 461 natura
1658 406 1860 463 obtulit

198 485 351 537 illam
404 482 635 552 speciem
681 479 962 550 Simonidi,
1015 500 1048 535 a
1101 499 1207 551 qua
1251 483 1524 534 vetaretur
1566 479 1860 552 navigare?

200 560 294 611 aut
346 556 473 625 quid
516 558 741 608 naturae
787 554 1096 638 copulatum
1141 554 1333 608 habuit
1377 553 1674 608 Alcibiadis
1719 552 1862 624 quod
1905 569 1927 603 ο

201 630 452 685 scribitur
482 628 785 682 somnium?>
825 628 917 697 qui
947 628 1108 698 paulo
1141 630 1265 681 ante
1294 627 1572 681 interitum
1600 627 1748 681 visus
1779 629 1862 681 est

200 704 254 757 in
293 702 496 757 somnis
536 701 737 755 amicae
777 719 892 754 esse
924 701 1150 754 amictus
1183 700 1427 755 amiculo.
1485 699 1541 754 Is
1572 716 1692 755 cum
1721 703 1864 755 esset

199 776 467 847 proiectus
513 774 823 828 inhumatus
870 774 937 827 ab
985 774 1336 843 omnibusque
1374 774 1614 828 desertus
1650 773 1862 843 iaceret,

202 850 373 903 amica
417 866 608 918 corpus
655 848 766 901 eius
804 847 940 900 texit
978 866 1074 901 suo
1113 848 1296 917 pallio.
1363 846 1513 917 Ergo
1550 847 1654 901 hoc
1688 846 1864 901 inerat

200 923 258 976 in
301 923 459 976 rebus
504 921 700 975 futuris
747 924 802 974 et
840 939 1027 974 causas
1064 921 1329 974 naturalis
1365 919 1624 990 habebat,
1669 937 1760 990 an,
1806 922 1862 974 et
1885 937 1928 970 ιο

201 999 263 1049 ut
299 996 569 1049 videretur
608 997 662 1047 et
698 997 759 1047 ut
798 994 1050 1063 eveniret,
1088 1012 1240 1047 casus
1281 993 1490 1046 effecit?

118 1046 202 1150 ‘1794
313 1067 485 1130 Quid?
523 1068 764 1137 ipsorum
797 1067 1151 1136 interpretum
1185 1066 1519 1120 coniecturae
1547 1083 1725 1120 11011110
1754 1084 1864 1120 ma-

205 1142 287 1213 gis
326 1141 544 1212 ingenia
581 1141 856 1194 declarant
894 1158 1078 1193 eorum
1113 1158 1274 1209 quam
1303 1139 1414 1193 vim
1443 1156 1863 1209 consensumque

203 1215 462 1268 naturae?
517 1213 716 1297 Cursor
754 1213 822 1266 ad
852 1212 1103 1282 Olympia
1139 1212 1405 1283 proficisci
1442 1212 1686 1283 cogitans
1715 1212 1862 1267 visus

204 1291 287 1342 est
324 1289 381 1340 in
419 1286 621 1341 somnis
660 1305 817 1340 curru
849 1286 1231 1356 quadrigarum
1260 1285 1398 1339 vehi.
1457 1285 1616 1340 Mane
1646 1285 1716 1339 ad
1745 1303 1930 1341 con-1⁵

202 1362 455 1415 iectorem
531 1359 607 1413 At
643 1359 756 1412 1110.
798 1359 1081 1413 ‘Vinces'
1083 1402 1097 1428 ,
1134 1359 1330 1429 inquit3
1377 1358 1465 1413 ‘id
1502 1358 1668 1412 enim
1704 1359 1864 1414 0010-

203 1435 365 1487 ritas
413 1433 751 1504 significat
798 1436 859 1485 et
904 1433 1000 1486 vis
1040 1431 1373 1502 equorum.'
1440 1431 1574 1486 Post
1617 1430 1758 1486 idem
1796 1431 1865 1486 ad

204 1507 611 1577 Antiphontem.
662 1505 717 1558 Is
750 1508 950 1558 autem:
989 1505 1331 1575 ‘Vincare’,
1360 1504 1550 1575 inquit,
1582 1504 1864 1560 ‘necesse

207 1584 329 1650 est3
374 1599 450 1634 an
487 1598 611 1632 11011
647 1578 985 1649 intellegis
1026 1582 1332 1648 quattuor
1368 1581 1514 1632 ante
1551 1580 1614 1632 te
1651 1596 1865 1633 cucur·

205 1652 431 1707 risse?'
498 1652 635 1706 Ecce
681 1651 817 1705 alius
864 1670 1047 1705 cursor
1085 1650 1268 1721 (atque
1304 1651 1497 1705 horum
1535 1651 1864 1706 somniorum
1888 1668 1932 1701 20

207 1730 260 1780 et
290 1726 482 1780 talium
513 1726 701 1796 plenus
734 1727 816 1778 est
848 1724 1133 1794 Chrysippi
1162 1725 1313 1794 liber,
1350 1725 1540 1794 plenus
1563 1723 1865 1797 Antipatri)

207 1831 275 1839 —-
301 1800 394 1853 sed
425 1799 493 1853 ad
524 1816 792 1853 cursorem
815 1799 993 1851 redeo:
1024 1798 1111 1850 Ad
1133 1798 1481 1867 interpretem
1505 1797 1698 1850 detulit
1721 1798 1867 1868 aqui·

207 1874 317 1926 lam
363 1891 419 1925 se
467 1872 525 1924 in
570 1871 770 1925 somnis
809 1871 983 1924 visum
1022 1889 1137 1924 esse
1173 1870 1391 1923 factum.
1458 1869 1536 1923 At
1571 1870 1686 1923 ille:
1734 1869 1866 1924 ‘Vi-

208 1945 380 2014 cisti3
424 1945 554 1998 ista
599 1944 762 1998 enim
809 1944 911 1998 avi
956 1944 1136 1997 volat
1171 1944 1355 1997 nulla
1390 1942 1863 1997 vehementius?

206 2019 372 2081 Huic*
406 2018 576 2071 eidem
635 2017 900 2086 Antipho:
970 2015 1237 2086 εΒο1·0’,
1294 2016 1492 2086 inquit,
1554 2016 1865 2070 ‘victum
1887 2030 1930 2066 25

208 2095 268 2144 te
323 2109 462 2144 esse
518 2109 643 2144 non
694 2090 907 2144 vides?
967 2089 1096 2143 ista
1142 2089 1304 2143 enim
1351 2089 1486 2144 avis
1538 2088 1864 2143 insectans

209 2164 372 2218 alias
435 2163 571 2218 avis
632 2166 693 2216 et
746 2163 1001 2234 agitans
1056 2164 1300 2233 semper
1350 2162 1492 2232 ipsa
1540 2161 1866 2232 postrema

127 2247 205 2286 145
231 2237 368 2291 est'.
427 2236 623 2290 Parere
663 2237 922 2305 quaedam
953 2239 1201 2289 matrona
1238 2235 1454 2305 cupiens
1486 2235 1750 2304 dubitans,
1789 2253 1865 2289 es-

210 2314 357 2363 setne
387 2327 704 2379 praegnanS,
741 2309 859 2362 visa
890 2311 971 2361 est
1001 2309 1058 2361 in
1089 2308 1264 2378 quiete
1297 2308 1637 2378 obsignatam
1667 2308 1865 2362 habere

207 2386 471 2436 naturam.
531 2381 779 2436 Rettulit.
835 2381 1073 2451 Negavit
1111 2399 1249 2450 eam,
1289 2380 1540 2450 quoniam
1579 2380 1866 2453 obsignata
1887 2395 1930 2430 ω

207 2455 418 2522 fuisset,
484 2455 757 2524 concipere
816 2455 1070 2524 potuisse.
1156 2453 1231 2507 At
1291 2454 1429 2507 alter
1480 2472 1608 2523 prae
1685 2456 1865 2508 antem

210 2546 325 2581 esse
358 2528 511 2596 dixit3
548 2546 674 2580 nam
704 2527 861 2580 inane
893 2526 1169 2596 obsignari
1197 2526 1334 2579 nihil
1365 2527 1550 2580 solere.
1657 2545 1756 2580 uae
1783 2530 1866 2580 est

210 2619 295 2654 ars
343 2600 657 2654 coniectoris
705 2600 968 2654 eludentis
1017 2600 1268 2669 ingenio?
1314 2618 1383 2652 an
1429 2617 1512 2667 ea,
1562 2617 1697 2668 quae
1743 2599 1866 2684 dixi,

209 2676 263 2725 et
310 2673 740 2742 innumerabilia,
795 2691 929 2756 quae
975 2673 1215 2726 conlecta
1257 2672 1458 2725 habent
1495 2670 1680 2741 Stoici,
1726 2672 1865 2741 quicj·

209 2763 369 2813 quam
420 2745 724 2814 significant
768 2745 874 2798 nisi
919 2763 1140 2798 acumen
1183 2744 1459 2797 hominum
1505 2762 1568 2796 ex
1621 2745 1866 2798 similitu·
1887 2757 1929 2792 ³⁶

211 2817 331 2869 dine
386 2817 564 2885 aliqua
617 2817 975 2871 coniecturam
1021 2817 1178 2870 modo
1222 2817 1347 2886 huc,
1396 2816 1553 2870 modo
1602 2816 1732 2871 illuc
1775 2817 1866 2870 du-

209 2889 477 2943 centium?
539 2889 731 2944 Medici
781 2889 936 2961 signa
982 2890 1240 2959 quaedam
1279 2889 1481 2942 habent
1527 2908 1590 2942 ex
1627 2889 1775 2943 venis
1803 2893 1867 2942 ct
