2002 3178
210 168 317 222 226
788 167 869 213 DE
899 169 1298 215 DIVINATIONE

209 289 333 342 tur?
372 292 466 341 aut
501 307 630 341 num
668 289 938 358 plerisque
975 289 1033 341 in
1070 290 1229 342 rebus
1270 291 1512 360 sequitur
1542 307 1726 345 eorum
1757 309 1875 348 auc—

207 362 484 415 toritatem
529 362 856 415 multitudo?
918 361 1057 424 Quid
1111 363 1307 416 mirum
1352 365 1542 435 igitur,
1594 365 1640 418 si
1683 365 1742 418 in
1786 385 1875 420 au·

209 435 388 504 spiciis
435 438 489 488 et
533 435 592 488 in
636 435 783 489 omni
829 435 1157 489 divinatione
1201 437 1442 490 inbecilli
1487 438 1654 492 animi
1695 457 1876 509 super·

207 509 423 562 stitiosa
458 508 567 561 ista
605 509 923 579 concipiant,
961 527 1149 562 verum
1187 510 1445 580 dispicere
1481 529 1588 565 non
1626 513 1874 582 possint?

120 593 174 633 82
208 581 353 643 Quae
392 585 573 635 autem
613 586 696 635 est
725 583 866 635 inter
898 600 1126 652 augures
1157 583 1476 638 conveniens
1509 588 1564 638 et
1593 586 1876 640 coniuncta
1896 600 1918 634 ⁵

205 655 545 709 constantia?
621 655 707 708 Ad
758 656 935 709 nostri
987 656 1199 727 augurii
1251 658 1688 712 consuetudinem
1740 659 1875 713 dixit

204 728 433 782 Ennius:

277 816 429 870 Tum
469 817 685 871 tonuit
722 818 973 872 laevum
1010 820 1168 872 bene
1206 822 1597 890 tempestate
1635 838 1874 876 serena.

185 904 281 958 'At
318 904 634 959 Homericus
673 905 813 958 Aiax
861 906 1004 976 apud
1041 906 1311 960 Achillem
1358 925 1584 977 querens
1631 908 1695 961 de
1738 908 1875 963 fero-

204 979 367 1031 citate
406 979 761 1032 Troianorum
797 980 977 1032 nescio
1018 980 1145 1048 quid
1181 981 1284 1033 hoc
1322 981 1481 1034 modo
1518 981 1755 1037 nuntiat:
1896 998 1939 1030 10

276 1066 594 1137 Prospera
616 1066 910 1137 Iuppiter
940 1068 1039 1120 his
1065 1068 1307 1121 dextris
1331 1068 1703 1140 fulgoribus
1727 1070 1872 1124 edit.

202 1170 289 1223 Ita
311 1169 466 1222 nobis
493 1168 712 1222 sinistra
734 1169 996 1239 videntur,
1021 1169 1197 1222 Graiis
1222 1173 1277 1222 et
1299 1170 1546 1223 barbaris
1565 1171 1752 1226 dextra
1767 1191 1874 1226 me-

204 1243 354 1296 liora.
401 1241 736 1311 Quamquam
763 1243 908 1295 haud
931 1243 1138 1313 ignoro,
1171 1261 1307 1312 quae
1330 1244 1474 1296 bona
1497 1244 1620 1314 sint,
1651 1245 1872 1300 sinistra

202 1334 302 1369 nos
341 1316 527 1384 dicere,
568 1316 780 1368 etiamsi
820 1317 1007 1369 dextra
1046 1317 1178 1386 sint3
1227 1317 1319 1369 sed
1357 1320 1500 1370 certe
1535 1319 1710 1372 nostri
1748 1319 1872 1372 sini-

205 1393 376 1443 strum
406 1388 818 1442 nominaverunt
849 1391 1158 1458 externique
1190 1390 1452 1460 dextrum,
1488 1391 1614 1460 quia
1642 1393 1871 1462 plerum·
1895 1407 1936 1441 15

118 1472 171 1512 83
206 1481 307 1532 que
352 1462 408 1514 id
445 1461 637 1515 melius
676 1463 970 1515 videbatur.
1040 1463 1188 1516 Haec
1227 1466 1429 1532 quanta
1467 1463 1728 1518 dissensio
1768 1468 1869 1519 est!

203 1535 376 1598 Quid?
428 1535 569 1604 quod
615 1535 735 1588 aliis
784 1537 972 1589 avibus
1019 1539 1267 1605 utuntur,
1313 1537 1434 1589 aliis
1474 1537 1642 1607 signis
1652 1579 1666 1607 ,
1713 1539 1872 1592 aliter

203 1610 514 1677 observant,
573 1609 681 1661 alia
737 1610 1083 1679 respondent,
1143 1628 1253 1663 non
1307 1628 1523 1663 necesse
1572 1614 1656 1664 est
1710 1611 1871 1665 fateri

201 1682 403 1752 partim
447 1681 641 1734 horum
688 1701 866 1735 errore
913 1686 1220 1752 susceptum
1267 1701 1404 1752 esse,
1449 1684 1651 1753 partim
1690 1703 1870 1755 super-

204 1756 438 1823 stitione,
477 1756 651 1808 multa
686 1755 961 1809 fallendo?
1891 1773 1935 1805 so

118 1828 186 1880 40
297 1829 474 1897 Atque
497 1829 581 1880 his
607 1829 1075 1898 superstitionibus
1098 1846 1207 1881 non
1231 1829 1490 1882 dubitasti
1506 1829 1670 1883 etiam
1686 1830 1870 1884 omina

204 1902 505 1972 adiungere.
565 1901 800 1954 Aemilia
828 1901 998 1955 Paulo
1028 1901 1249 1954 Persam
1287 1902 1505 1972 perisse,
1543 1903 1684 1972 quod
1712 1907 1869 1974 pater

203 1993 361 2027 omen
413 1976 639 2044 accepit3
692 1973 930 2028 Caecilia
983 1993 1040 2028 se
1093 1975 1292 2028 sororis
1344 1975 1488 2028 filiae
1542 1976 1692 2030 sedes
1742 1995 1866 2030 suas

202 2049 427 2101 tradere.
502 2047 620 2100 Iam
671 2048 790 2100 illa:
842 2047 1077 2101 Favete
1130 2048 1374 2118 linguis
1424 2052 1479 2101 et
1527 2055 1868 2120 praeroga-

202 2122 421 2190 tivam,
453 2139 632 2174 omen
663 2122 1082 2175 comitiorum.
1129 2121 1248 2174 Hoc
1279 2124 1363 2173 est
1391 2121 1570 2191 ipsum
1601 2140 1714 2175 esse
1746 2141 1866 2177 con·
1889 2135 1931 2168 2⁵

202 2197 290 2247 tra
335 2212 391 2246 se
437 2194 713 2264 copiosum
752 2198 806 2247 et
844 2195 1115 2247 disertum.
1192 2193 1414 2255 Quando
1453 2195 1595 2247 enim
1631 2195 1740 2248 ista
1777 2197 1867 2249 ob-

203 2285 421 2319 servans
454 2267 635 2336 quieto
668 2270 722 2320 et
751 2268 922 2320 libero
955 2268 1133 2320 animo
1166 2285 1280 2319 esse
1310 2268 1527 2336 poteriS,
1563 2271 1626 2321 ut
1655 2269 1722 2321 ad
1750 2287 1866 2322 rem

204 2340 491 2409 gerendam
542 2358 652 2392 non
703 2341 1142 2409 superstitionem
1186 2340 1410 2409 habeas,
1463 2340 1556 2393 sed
1601 2341 1863 2395 rationem

204 2413 426 2466 ducem?
486 2411 674 2466 Itane?
726 2414 773 2465 si
823 2414 942 2482 quis
993 2413 1195 2482 aliquid
1241 2431 1305 2465 ex
1351 2430 1449 2466 sua
1492 2431 1550 2466 re
1594 2417 1755 2483 atque
1801 2433 1865 2468 ex

204 2504 298 2538 suo
346 2504 590 2539 sermone
633 2486 826 2539 dixerit
863 2490 918 2538 et
957 2487 1068 2539 eius
1107 2486 1330 2539 verbum
1369 2486 1586 2555 aliquod
1623 2491 1748 2556 apte
1785 2505 1864 2541 ce·
1885 2500 1929 2533 3⁰

203 2559 390 2611 ciderit
428 2559 495 2610 ad
532 2559 600 2626 id,
640 2559 781 2628 quod
820 2577 947 2629 ages
987 2562 1080 2611 aut
1111 2559 1391 2629 cogitabiS,
1430 2577 1493 2612 ea
1521 2577 1607 2612 res
1637 2559 1739 2612 tibi
1770 2563 1864 2613 aut

117 2639 170 2677 84
202 2632 450 2683 timorem
504 2632 710 2684 adferet
762 2635 855 2684 aut
908 2632 1278 2684 alacritatem?
1341 2630 1475 2685 Cum
1519 2631 1591 2684 M.
1636 2630 1862 2685 Crassus

203 2704 491 2756 exercitum
513 2703 786 2757 Brundisii
815 2705 1110 2774 inponeret,
1142 2704 1356 2773 quidam
1386 2705 1444 2756 in
1473 2707 1632 2773 portu
1662 2705 1862 2758 caricas

202 2774 385 2828 Cauno
434 2777 683 2830 advectas
720 2778 953 2831 vendens
991 2775 1275 2830 Cauneas
1315 2777 1642 2830 clamitabat.
1708 2777 1862 2831 Dica-

202 2866 335 2915 muS,
375 2849 420 2900 si
457 2850 650 2918 placet,
687 2851 951 2903 monitum
990 2851 1058 2902 ab
1097 2868 1160 2903 eo
1192 2849 1459 2918 Crassum,
1498 2853 1751 2904 caveret
1787 2868 1861 2903 ne
1883 2864 1924 2897 35

201 2921 347 2986 iret3
383 2939 492 2973 non
528 2922 693 2974 fuisse
731 2924 1043 2991 periturum,
1081 2923 1127 2975 si
1166 2923 1332 2975 omini
1368 2922 1646 2992 paruisset.
1715 2921 1860 2982 Quae
