2002 3178
498 130 613 176 ΠΒ.
644 130 703 178 11.
736 129 864 178 CAP.
895 135 1071 176 64—66
1102 135 1128 185 s
1162 135 1406 176 131—136.
1690 128 1799 182 245

120 253 443 324 quantulum
462 250 642 307 visum
665 253 749 305 est
773 251 838 305 de
861 253 1104 323 argento.
1156 250 1294 305 Tum
1316 250 1434 304 ille.
1467 247 1800 319 ‘N1h1lne,

119 326 316 398 inquit,
370 325 470 380 ‘de
517 324 818 379 vitello‘?'
870 325 925 378 id
971 325 1115 379 enim
1160 324 1209 378 ei
1255 343 1319 378 ex
1365 342 1467 378 ovo
1515 324 1801 378 videbatur

119 419 311 456 aurum
349 398 666 469 declarasse,
703 399 973 469 reliquum
1004 402 1304 470 argentum.
1358 397 1602 452 Nemone
1632 397 1801 482 igitur

119 492 378 545 umquam
422 473 563 528 alius
609 491 772 527 ovum
817 473 1146 527 somniavit?
1193 491 1286 527 cur
1326 490 1455 556 ergo
1493 471 1583 527 hic
1619 472 1800 525 nescio

75 563 96 598 ⁵
119 547 214 620 qui
242 547 594 602 thensaurum
619 547 768 602 solus
791 546 1036 601 invenit?
1069 565 1231 616 quam
1255 546 1453 599 multi
1438 564 1626 615 1nopes
1651 544 1801 616 digni

118 621 388 694 praesidio
439 621 662 675 deorum
704 621 858 675 nullo
907 620 1117 675 somnio
1157 620 1226 675 ad
1263 620 1617 674 thensaurum
1654 636 1802 690 repe-

119 695 366 750 riendum
410 695 789 750 admonentur!
857 693 1031 757 Quam
1077 697 1260 748 autem
1307 695 1376 748 ob
1423 711 1641 748 causam
1686 696 1801 746 tam
1837 717 1841 721 ·

120 772 206 824 est
240 770 466 824 obscure
497 769 821 838 admonituS,
858 771 921 822 ut
952 787 1015 822 ex
1047 786 1149 822 ovo
1180 770 1491 822 nasceretur
1521 766 1802 821 thensauri

120 843 443 914 similitudo,
486 842 668 914 potius
716 861 875 912 quam
925 845 1110 913 aperte
1154 842 1507 896 thensaurum
1547 859 1801 911 quaerere

58 931 98 966 ιο
120 917 412 987 iuberetur,
443 916 583 971 sicut
614 919 799 987 aperte
827 914 1130 970 Simonides
1161 916 1362 970 vetitus
1393 918 1476 969 est
1504 914 1801 986 navigare?

118 990 270 1063 Ergo
321 958 550 1069 obscura
595 989 808 1044 somnia
852 990 1074 1043 minime
1114 993 1476 1044 consentanea
1512 988 1786 1043 maiestati
1807 997 1887 1038 135

120 1065 358 1119 deorum.

232 1138 321 1192 Ad
358 1140 549 1209 aperta
586 1140 642 1192 et
679 1137 828 1192 clara
861 1137 1157 1207 veniamus,
1196 1137 1355 1207 quale
1387 1140 1470 1190 est
1502 1137 1565 1190 de
1595 1136 1741 1191 illo
1725 1155 1802 1189 in·
1820 1138 1888 1192 66

120 1211 349 1267 terfecto
395 1231 428 1265 a
472 1229 713 1282 caupone
750 1210 1012 1282 MegariS,
1060 1211 1218 1280 quale
1265 1211 1329 1264 de
1368 1208 1664 1281 Simonide,
1712 1210 1804 1280 qui

57 1300 99 1335 ιε
123 1286 192 1340 ab
246 1304 333 1356 eo,
386 1303 547 1356 quem
598 1284 876 1354 humarat,
927 1285 1130 1338 vetitus
1186 1287 1269 1338 est
1311 1285 1593 1356 navigare,
1645 1285 1803 1354 quale

122 1359 289 1414 etiam
320 1359 385 1413 de
411 1358 737 1429 AlexandrO,
767 1358 910 1429 quod
941 1377 973 1413 a
1003 1362 1057 1412 te
1087 1358 1442 1429 praeteritum
1474 1377 1590 1412 esse
1621 1358 1804 1428 miror,

122 1432 334 1497 Quinte.
400 1431 537 1487 Cum
573 1432 945 1502 Ptolomaeus,
989 1432 1278 1486 familiaris
1317 1432 1455 1502 eius,
1499 1433 1557 1486 in
1595 1432 1802 1503 proelio

121 1507 234 1562 telo
279 1509 546 1561 venenato
591 1507 731 1561 ictus
778 1509 921 1560 esset
967 1525 1134 1576 eoque
1172 1506 1392 1560 vulnere
1432 1524 1642 1560 summo
1683 1525 1803 1561 cum

123 1579 310 1635 dolore
346 1583 661 1650 moreretur,
699 1579 1006 1634 Alexander
1043 1580 1292 1634 adsidens
1332 1598 1521 1634 somno
1562 1584 1645 1634 est
1684 1599 1803 1634 con-

58 1670 102 1716 ,20
125 1654 350 1726 sopitus.
403 1653 542 1707 Tum
572 1622 865 1708 secundum
896 1654 1131 1723 quietem
1162 1654 1310 1707 visus
1343 1654 1392 1707 ei
1425 1654 1619 1708 dicitur
1643 1654 1802 1708 draco

121 1728 194 1799 is,
232 1746 393 1799 quem
429 1730 606 1782 mater
643 1727 923 1798 Olympias
963 1728 1161 1797 alebat,
1198 1727 1494 1782 radiculam
1534 1746 1624 1782 ore
1661 1728 1803 1782 ferre

123 1805 179 1857 et
209 1801 371 1856 simul
403 1801 592 1871 dicere,
623 1819 729 1872 quo
759 1801 858 1855 illa
889 1801 996 1855 loci
1017 1770 1328 1855 nasceretur
1351 1798 1584 1872 (neque
1569 1820 1616 1855 1s
1640 1802 1803 1874 longe

123 1876 312 1930 aberat
359 1875 429 1930 ab
469 1893 532 1929 eo
570 1874 739 1948 loco),
784 1875 898 1929 eius
938 1879 1119 1929 autem
1159 1893 1275 1929 esse
1313 1875 1424 1929 vim
1462 1878 1696 1945 tantam,
1742 1878 1803 1929 ut

122 1949 499 2004 Ptolomaeum
535 1948 698 2003 facile
737 1952 968 2003 sanaret.
1029 1947 1165 2003 Cum
1197 1949 1502 2002 Alexander
1534 1968 1804 2019 experrec-

60 2037 103 2072 κ
125 2025 216 2077 tus
253 2025 532 2077 narrasset
570 2022 756 2076 amicis
797 2022 1079 2093 somnium,
1120 2022 1304 2076 emissi
1343 2025 1484 2092 sunt,
1523 2023 1615 2093 qui
1651 2023 1801 2077 illam

126 2096 425 2151 radiculam
463 2099 804 2166 quaererent3
844 2115 950 2166 qua
986 2096 1208 2150 inventa
1246 2100 1300 2150 et
1337 2095 1684 2150 Ptolomaeus
1724 2116 1804 2151 sa-

122 2172 285 2224 natus
325 2170 520 2224 dicitur
550 2172 606 2223 et
636 2170 795 2222 multi
827 2170 1042 2239 milites,
1082 2170 1174 2239 qui
1205 2173 1360 2224 erant
1390 2170 1576 2224 eodem
1610 2188 1803 2242 genere

122 2243 223 2298 teli
255 2243 541 2298 vulnerati.
593 2243 771 2296 Multa
803 2244 968 2296 etiam
999 2247 1126 2297 sunt
1157 2262 1191 2296 a
1219 2246 1275 2297 te
1307 2262 1370 2297 ex
1399 2244 1642 2297 historiis
1667 2263 1786 2314 pro·
1807 2255 1888 2296 136

123 2317 240 2372 lata
270 2317 494 2387 somnia,
532 2316 721 2370 matris
751 2316 1071 2385 Phalaridis,
1106 2314 1234 2386 Cyri
1266 2317 1573 2387 superioris,
1612 2318 1802 2371 matris

58 2404 102 2439 ω
123 2390 387 2460 Dionysii,
424 2389 591 2444 Poeni
624 2389 968 2458 HamilcariS,
1006 2388 1346 2459 HannibaliS,
1385 2390 1443 2444 P.
1475 2390 1649 2460 Decii3
1687 2410 1804 2461 per-

124 2464 408 2535 vulgatum
446 2463 556 2517 iam
593 2463 727 2516 illud
766 2463 829 2516 de
868 2463 1140 2532 praesule,
1179 2461 1236 2517 O.
1276 2462 1505 2517 Gracchi
1545 2465 1709 2517 etiam
1749 2469 1803 2518 et

124 2554 308 2592 recens
346 2535 636 2606 Caeciliae,
680 2535 936 2590 Baliarici
974 2536 1140 2605 filiae,
1187 2536 1469 2590 somnium.
1530 2534 1634 2590 Sed
1671 2537 1802 2593 haec

125 2614 347 2665 externa
396 2611 465 2664 ob
517 2628 741 2680 eamque
792 2627 1011 2663 causam
1055 2610 1246 2680 ignota
1289 2610 1446 2663 nobis
1494 2614 1640 2680 sunt,
1692 2630 1803 2666 non

124 2684 278 2738 nulla
316 2684 482 2737 etiam
512 2684 641 2738 ficta
669 2683 917 2737 fortasse.
980 2681 1110 2745 Quis
1144 2683 1284 2736 enim
1317 2686 1505 2737 auctor
1534 2684 1801 2740 istorum?

63 2770 106 2806 ω
127 2756 210 2812 De
238 2756 440 2811 nostris
472 2756 697 2811 somniis
730 2756 857 2826 quid
887 2756 1149 2810 habemus
1182 2757 1390 2811 dicere?
1422 2760 1483 2810 tu
1507 2757 1570 2810 de
1595 2777 1801 2813 emerso

127 2848 215 2884 me
268 2833 323 2885 et
369 2848 505 2900 equo
556 2830 625 2884 ad
671 2829 870 2900 ripam,
923 2848 1023 2901 ego
1071 2830 1134 2883 de
1179 2829 1351 2883 Mario
1398 2849 1518 2884 cum
1563 2831 1801 2886 fascibus

127 2903 387 2959 laureatis
437 2922 524 2958 me
576 2903 634 2957 in
687 2922 842 2957 suum
888 2903 1076 2958 deduci
1120 2903 1336 2958 iubente
1382 2909 1797 2960 monumentum.
