2002 3178
688 177 815 225 CAP.
850 183 978 225 1-3.
1018 182 1044 234 ς,
1078 182 1204 224 ι-ε,
1688 179 1797 232 253

116 297 358 353 tionibus
410 298 829 353 consumebatur
879 298 1078 368 orati0,
1132 298 1294 368 idque
1347 302 1402 353 et
1455 318 1616 385 saepe
1661 299 1798 354 alias

117 375 174 426 et
218 371 451 442 quodam
495 372 770 442 liberiore,
819 391 983 443 quam
1028 373 1262 442 solebat,
1313 376 1368 427 et
1413 374 1590 459 magis
1628 393 1798 429 vacuo

118 446 188 500 ab
217 445 678 501 interventoribus
711 415 810 516 di'e,
843 465 965 501 cum
997 446 1065 500 ad
1095 465 1182 500 me
1212 447 1307 500 ille
1338 448 1592 518 venisset,
1622 448 1798 519 primo

117 537 204 590 ea,
250 538 388 591 quae
427 523 584 574 erant
621 521 893 576 cotidiana
930 523 987 575 et
1026 520 1183 591 quasi
1220 521 1469 591 legitima
1505 522 1688 593 nobis,
1735 522 1798 576 de

74 609 95 643 ⁵
117 611 250 664 pace
288 597 344 648 et
382 593 447 648 de
485 594 613 649 otio.

227 665 434 731 Quibus
473 668 610 723 actis
649 665 789 732 Quid
827 668 994 739 ergo?
1031 668 1210 739 inquit
1247 669 1356 740 ille,
1394 670 1650 740 quoniam
1684 689 1799 725 ora·
1831 652 1863 757 Ξ

116 741 287 796 torias
311 741 719 797 exercitationes
742 760 853 796 non
874 745 937 796 tu
961 742 1193 813 quidem,
1223 746 1285 797 ut
1309 762 1482 815 sper0,
1512 744 1800 815 reliquisti,

118 816 212 870 sed
263 818 413 871 certe
457 816 861 887 philosophiam
912 816 1021 870 illis
1073 818 1454 888 anteposuisti,
1506 837 1798 889 possumne

117 889 322 960 aliquid
358 890 580 945 audire?
640 889 725 945 Tu
761 908 913 960 vero,
957 890 1201 961 inquam,
1248 893 1335 946 vel
1375 892 1558 946 audire
1595 893 1684 947 vel
1723 893 1799 947 di-

55 978 96 1012 ιο
117 981 259 1033 cere3
301 982 402 1018 nec
439 964 597 1034 enim,
634 964 691 1018 id
729 963 872 1034 quod
909 967 1053 1019 recte
1092 965 1385 1036 existimas,
1425 967 1663 1021 oratoria
1699 967 1800 1020 illa

117 1037 297 1092 studia
344 1037 578 1108 deserui,
627 1038 822 1109 quibus
874 1038 1040 1092 etiam
1085 1042 1140 1093 te
1186 1039 1418 1110 incendi,
1469 1059 1797 1111 quamquam

116 1111 613 1183 flagrantissumum
651 1131 977 1183 acceperam,
1014 1131 1112 1167 nec
1150 1131 1227 1183 ea,
1267 1132 1403 1184 quae
1433 1133 1576 1169 nunc
1605 1118 1798 1185 tract0,

117 1187 388 1255 minuunt,
434 1186 528 1240 sed
572 1190 775 1258 augent
819 1186 1000 1256 potius
1045 1187 1201 1241 illam
1245 1187 1576 1243 facultatem.
1653 1188 1796 1243 Nam

117 1278 240 1315 cum
269 1259 373 1314 hoc
402 1276 596 1329 genere
629 1260 1022 1330 philosophiae,
1056 1261 1198 1331 quod
1228 1280 1327 1315 nos
1361 1263 1649 1333 sequimur,
1688 1282 1797 1317 ma-

53 1348 95 1383 15
119 1351 283 1406 gnam
327 1331 497 1388 habet
534 1336 720 1388 orator
758 1335 1096 1419 societatem3
1144 1335 1507 1389 subtilitatem
1546 1337 1688 1390 enim
1728 1337 1797 1391 ab

117 1407 412 1462 Academia
458 1410 739 1463 mutuatur
791 1411 845 1462 et
894 1408 943 1462 ei
989 1408 1229 1462 vicissim
1273 1410 1448 1463 reddit
1494 1411 1799 1465 ubertatem

117 1481 380 1536 orationis
433 1484 488 1535 et
534 1484 853 1536 ornamenta
899 1482 1119 1538 dicendi.
1196 1481 1370 1546 Quam
1418 1484 1487 1538 ob
1534 1503 1669 1570 rem,
1721 1485 1798 1539 in·

119 1574 302 1626 quam,
342 1555 598 1626 quoniam
635 1556 916 1626 utriusque
956 1557 1121 1610 studii
1158 1560 1350 1611 nostra
1387 1560 1658 1628 possessio
1699 1562 1798 1629 est,

116 1629 299 1699 hodie,
336 1632 462 1683 utro
506 1628 616 1684 frui
662 1630 846 1699 malis,
895 1631 1047 1701 optio
1087 1630 1161 1684 sit
1198 1634 1308 1685 tua.
1385 1631 1524 1685 Tum
1561 1632 1798 1686 Hirtius:

53 1717 97 1752 πο
118 1702 534 1773 Gratissumum,
571 1703 762 1774 inquit,
801 1672 857 1758 et
894 1707 1110 1758 tuorum
1150 1706 1390 1759 omnium
1421 1706 1621 1777 simile3
1658 1707 1796 1760 nihil

118 1776 261 1832 6111111
305 1796 562 1849 umquam
608 1777 799 1832 abnuit
835 1796 955 1832 meo
994 1778 1174 1833 studio
1212 1780 1466 1834 voluntas
1505 1783 1615 1834 tua.
1692 1779 1797 1835 Sed
1827 1790 1853 1829 4

118 1850 374 1922 quoniam
411 1851 682 1906 rhetorica
718 1851 852 1905 mihi
889 1855 1073 1906 vestra
1110 1855 1238 1907 sunt
1274 1856 1408 1907 nota
1445 1857 1605 1925 teque
1639 1853 1698 1908 in
1727 1854 1796 1909 iis

117 1928 175 1979 et
212 1925 514 1980 audivimus
551 1943 712 1997 saepe
750 1929 806 1979 et
843 1926 1120 1980 audiemus
1161 1930 1323 1997 atque
1353 1928 1495 1982 hanc
1518 1928 1797 1983 Academi-

117 2016 304 2054 corum
357 2002 547 2053 contra
597 1999 938 2070 propositum
991 2000 1303 2071 disputandi
1356 2002 1797 2057 consuetudinem

52 2085 96 2120 8⁶
116 2072 358 2127 indicant
387 2076 443 2126 te
474 2073 773 2143 suscepisse
796 2072 1128 2128 Tusculanae
1160 2075 1568 2146 disputationes,
1598 2095 1796 2147 ponere

119 2146 346 2216 aliquid,
393 2146 462 2200 ad
508 2147 650 2216 quod
696 2146 933 2218 audiam,
979 2148 1027 2201 si
1071 2148 1175 2202 tibi
1220 2167 1330 2202 non
1367 2152 1451 2202 est
1489 2150 1795 2220 molestum,

118 2220 258 2274 volo.
330 2219 420 2274 An
456 2219 613 2290 mihi,
651 2220 894 2291 inquam,
931 2225 1114 2291 potest
1153 2222 1439 2292 quicquam
1478 2241 1594 2278 esse
1633 2225 1796 2278 mole-

119 2296 279 2364 stum,
317 2293 461 2364 quod
497 2294 601 2348 tibi
639 2297 856 2365 gratum
893 2294 1137 2349 futurum
1174 2296 1283 2350 sit?
1337 2294 1441 2350 Sed
1477 2297 1558 2351 ita
1596 2298 1796 2369 audies,

118 2371 180 2422 ut
205 2367 511 2422 Romanum
541 2368 831 2437 hominem,
862 2371 924 2422 ut
953 2368 1142 2423 timide
1171 2369 1562 2439 ingredientem
1594 2371 1662 2425 ad
1692 2372 1795 2427 hoc

53 2453 97 2488 ³⁰
120 2459 289 2513 genus
327 2441 659 2512 disputandi,
696 2445 758 2495 ut
796 2443 961 2513 longo
1001 2443 1289 2498 intervallo
1329 2444 1461 2499 haec
1499 2445 1680 2499 studia
1717 2464 1795 2499 re-

118 2517 406 2586 petentem.
471 2515 580 2584 Ita,
622 2515 819 2600 inquit,
859 2516 1073 2570 audiam
1111 2520 1167 2570 te
1206 2517 1594 2588 disputantem,
1632 2522 1694 2572 ut
1732 2538 1796 2574 ea

119 2589 259 2661 lego,
298 2607 435 2660 quae
466 2589 745 2659 scripsisti.
797 2589 1029 2644 Proinde
1061 2590 1250 2644 ordire.
1306 2589 1660 2646 Considamus
1692 2593 1794 2647 hic.

314 2682 582 2734 ‚quorum
621 2663 679 2716 in
718 2663 855 2733 aliis,
893 2666 955 2718 ut
992 2663 1048 2717 in
1087 2662 1381 2734 Antipatro
1420 2669 1598 2736 poeta,
1635 2669 1698 2720 ut
1738 2666 1795 2720 in
1827 2641 1860 2747 53

118 2704 351 2791 brumali
390 2737 474 2791 die
504 2737 665 2807 natiS,
703 2740 764 2790 ut
794 2737 850 2790 in
881 2737 1042 2791 simul
1074 2739 1485 2822 aegrotantibus
1517 2739 1794 2810 fratribus,

54 2819 96 2858 ³⁶
117 2812 181 2865 ut
215 2809 274 2864 in
309 2811 479 2880 urina,
517 2815 580 2864 ut
616 2811 673 2864 in
711 2811 996 2882 unguibus,
1036 2815 1097 2865 ut
1134 2812 1190 2864 in
1230 2812 1451 2882 reliquis
1488 2813 1601 2867 6108
1628 2815 1794 2899 modi,

117 2889 343 2938 naturae
388 2884 642 2956 contagio
687 2885 856 2954 valet,
903 2903 1064 2955 quam
1102 2903 1203 2956 ego
1242 2904 1352 2940 non
1389 2887 1550 2957 tollo,
1589 2887 1671 2942 vis
1710 2892 1795 2943 est

117 2957 271 3011 nulla
319 2957 530 3025 fatalis;
582 2959 640 3020 111
686 2958 809 3012 aliis
856 2962 1037 3013 autem
1087 2959 1313 3015 fortuita
1363 2961 1625 3026 quaedam
1676 2980 1792 3015 esse
