2002 3178
194 169 295 218 144
762 167 842 210 DE
873 166 1272 213 DIVINATIONE

187 284 305 328 falsa
333 283 440 338 sint,
473 283 698 339 quaedam
719 295 814 326 non
834 282 915 337 ita,
946 281 1018 327 uti
1039 283 1279 340 praedicta
1301 283 1407 341 sint,
1439 285 1667 330 eveniant.
1730 285 1844 331 Mul·

187 345 257 386 tas
297 341 422 386 enim
457 340 798 398 praedictiones
838 341 1054 384 eventum
1083 340 1320 398 habuisse,
1360 342 1484 399 quod
1512 356 1681 401 negare
1709 357 1845 390 nemo

185 400 346 458 possit,
370 398 462 442 nisi
486 412 669 443 omnem
691 398 933 442 annalibus
957 398 1097 444 fidem
1119 399 1336 444 detrahat
1357 403 1474 459 (cap.
1493 406 1664 447 14—17
1688 407 1714 458 ξ
1729 408 1844 448 24-

185 460 273 514 33).
334 458 496 513 Itaque
527 471 576 501 se
606 456 666 500 iis
697 455 940 511 adsentiri,
981 456 1062 513 qui
1091 457 1184 502 duo
1214 457 1515 504 divinationis
1546 473 1717 516 genera
1744 474 1846 506 esse

186 515 409 571 dixerint,
439 514 552 559 artis
581 529 724 559 unum
752 513 1002 572 particeps,
1033 529 1195 572 expers
1225 515 1436 563 altemm.
1497 516 1662 564 Carere
1690 519 1847 564 autem

185 575 417 641 artefice,
455 573 535 630 qui
563 587 657 640 non
685 573 866 640 ratione
896 574 979 618 aut
1008 574 1274 643 coniectura
1301 574 1557 643 observatis
1587 589 1643 621 ac
1669 577 1845 622 notatis

183 631 799 748 fffissasgdpsssss‘ffiffie
830 631 1539 747 fflissstfflfsssiffizs
1554 648 1846 751 masat?

183 763 265 793 nes
295 762 380 806 per
409 749 597 794 oracula
626 750 743 805 (cap.
779 753 845 801 18,
881 753 933 792 19
965 753 990 802 ξ
1022 754 1227 804 36-41),
1257 763 1342 807 per
1371 749 1551 795 somnia
1578 753 1698 809 (cap.
1729 756 1843 797 20—

184 813 241 852 30
270 812 295 861 ξ
326 809 515 864 42—65)
545 805 749 862 itemque
779 805 1136 852 vaticinationes
1165 807 1416 864 furentium
1446 811 1563 867 (cap.
1595 814 1650 854 31
1682 813 1708 864 ,82
1730 814 1843 856 65—

185 869 272 920 67).
333 866 575 910 Extremae
611 864 721 909 huic
760 863 1069 921 disputationi
1103 864 1352 925 Chrysippi
1389 866 1730 924 argumentatio
1767 868 1847 913 ad-

181 923 322 968 icitur
371 924 488 969 haec
534 922 775 968 divinandi
818 935 989 979 genera
1031 937 1144 968 vera
1187 938 1288 970 esse
1333 924 1581 970 statuentis
1625 928 1744 986 (cap.
1789 932 1846 973 82

185 987 209 1037 ἓ
298 985 476 1085 Βθίῃξὶθ
519 1038 859 1098 perlustrantur
901 1039 1203 1086 divinationis
1247 1040 1506 1087 artificialis
1549 1055 1742 1100 genera,
1785 1043 1847 1088 ad

183 1112 300 1156 quae
336 1098 627 1156 haruspices,
669 1112 886 1156 augures,
932 1099 1215 1145 coniectores
1248 1099 1525 1158 pertineant.
1586 1100 1844 1146 Eorundem

183 1157 277 1202 alia
316 1171 417 1203 esse
458 1157 508 1202 in
550 1156 799 1214 disciplina
837 1160 886 1203 et
922 1157 1233 1204 monumentis
1272 1158 1449 1215 posita,
1490 1157 1587 1204 alia
1613 1159 1665 1204 in
1692 1159 1848 1205 subita

184 1216 450 1261 coniectura
478 1217 594 1272 (cap.
620 1221 793 1261 33—37
826 1221 851 1271 ξ
875 1219 1078 1272 72-80).
1124 1215 1242 1260 Tum
1271 1215 1476 1274 exponit,
1507 1216 1672 1273 quibus
1701 1216 1847 1263 Stoici

181 1274 438 1319 rationibus
462 1274 835 1319 confirmaverint
857 1288 957 1320 esse
981 1273 1317 1319 divinationem
1339 1278 1457 1332 (cap.
1482 1279 1540 1320 38
1563 1289 1658 1333 seq.
1682 1280 1708 1331 ς
1729 1280 1843 1322 81—

181 1337 269 1388 87).
330 1333 449 1387 Iam,
488 1331 568 1388 qui
606 1331 941 1377 divinationem
983 1346 1084 1378 esse
1113 1333 1306 1390 negent,
1346 1332 1470 1389 quod
1497 1333 1628 1378 nulla
1657 1333 1721 1379 sit
1748 1333 1847 1380 eius

180 1392 301 1436 ratio
339 1392 386 1435 et
417 1403 575 1447 causa,
615 1403 694 1435 eos
726 1404 896 1446 errare;
934 1404 1042 1435 nam
1073 1390 1386 1447 quaerendum
1415 1403 1538 1447 esse,
1576 1392 1698 1438 sitne
1728 1393 1846 1438 divi-

179 1450 307 1494 natio
338 1462 497 1504 necne,
527 1461 622 1493 non
652 1462 742 1505 quo
772 1449 912 1494 modo
943 1449 1038 1494 fiat.
1091 1447 1254 1506 Neque
1282 1462 1394 1494 vero
1423 1450 1507 1493 aut
1531 1448 1582 1494 in
1603 1450 1703 1496 vita
1725 1464 1845 1496 com·

179 1508 309 1552 muni
348 1509 432 1552 aut
467 1521 497 1551 a
532 1506 839 1564 philosophis
866 1507 1091 1564 dubitari,
1133 1506 1246 1563 quin
1282 1506 1347 1552 sit
1382 1506 1609 1554 divinatio
1638 1511 1758 1567 (cap.
1787 1515 1845 1555 40

180 1572 205 1620 5
235 1567 441 1621 87-89).
502 1565 648 1610 Recte
687 1565 830 1610 etiam
866 1566 1045 1611 moveri
1081 1566 1261 1610 animos
1296 1565 1538 1611 hominum
1566 1567 1844 1624 antiquitate

181 1623 448 1669 clarissimis
477 1623 760 1668 testimoniis
791 1625 966 1669 testata
995 1625 1045 1669 et
1067 1623 1340 1681 consignata
1362 1626 1479 1681 (cap.
1502 1629 1558 1670 41
1589 1629 1617 1680 ξ
1638 1629 1844 1683 90-92),

180 1684 230 1728 et
263 1683 315 1727 in
351 1681 531 1740 optima
566 1695 747 1738 quaque
775 1695 825 1726 re
856 1681 1044 1749 publica
1073 1695 1180 1727 cum
1208 1683 1363 1727 cetera
1395 1681 1636 1728 divinandi
1753 1696 1846 1740 cra,

178 1743 279 1786 tum
307 1740 517 1798 auspicia
546 1754 728 1798 semper
751 1739 953 1786 valuisse
976 1745 1093 1798 (cap.
1117 1744 1291 1786 42—48
1322 1745 1348 1794 ξ,
1370 1744 1607 1798 93-108).
1691 1756 1846 1788 mnem

179 1813 289 1844 vero
332 1797 633 1844 divinationis
674 1797 772 1843 vim
814 1800 864 1843 et
900 1798 1128 1856 originem
1167 1797 1456 1843 referendam
1485 1812 1587 1845 esse
1615 1799 1678 1844 ad
1707 1800 1844 1846 deum

180 1861 296 1915 (cap.
328 1861 501 1903 49-55
541 1861 567 1911 ξ
599 1860 870 1910 109-126),
910 1857 971 1901 ad
1000 1856 1148 1901 fatum
1178 1859 1298 1915 (cap.
1330 1861 1387 1902 56
1417 1861 1444 1911 ξ
1475 1861 1745 1916 127-128),
1783 1859 1844 1903 ad

177 1918 392 1960 naturam
422 1916 542 1972 (cap.
576 1920 646 1970 57,
680 1919 735 1959 58
766 1919 791 1969 ξ
825 1918 1085 1972 129-132).
1729 1958 1731 1960 ,
1786 1948 1787 1953 ,

118 2139 143 2240 ᾗ
287 2167 458 2221 Vetus
498 2166 678 2237 opinio
715 2169 798 2220 est
829 2166 936 2220 iam
969 2184 1134 2236 usque
1165 2167 1233 2220 ab
1265 2166 1493 2221 heroicis
1525 2167 1683 2222 ducta
1711 2170 1844 2221 tem-

177 2241 414 2311 poribus,
453 2258 619 2309 eaque
658 2242 713 2293 et
749 2240 939 2310 populi
969 2239 1199 2293 Romani
1237 2242 1293 2294 et
1331 2240 1569 2293 omnium
1599 2240 1843 2311 gentium

176 2315 393 2367 firmata
430 2330 713 2382 consensu,
758 2312 964 2366 versari
1002 2312 1269 2382 quandam
1307 2312 1450 2366 inter
1485 2312 1735 2380 homines
1769 2313 1843 2366 di-

176 2387 528 2455 vinationem,
575 2404 736 2455 quam
778 2384 970 2439 Graeci
1015 2383 1284 2454 μαντικήν
1321 2385 1621 2455 appellant,
1663 2385 1721 2438 id
1759 2388 1843 2439 est

175 2459 607 2529 praesensionem
647 2461 701 2511 et
739 2458 1021 2512 scientiam
1050 2475 1230 2511 rerum
1257 2458 1575 2512 futurarum.
1634 2457 1842 2529 Magni·
1885 2472 1906 2507 a

176 2534 277 2586 fica
315 2532 577 2602 quaedam
615 2549 700 2584 res
740 2533 795 2584 et
832 2530 1125 2600 salutaris,
1149 2532 1196 2584 si
1235 2531 1391 2585 modo
1431 2534 1513 2599 est
1550 2531 1678 2600 ulla,
1716 2549 1842 2600 qua-

177 2624 278 2674 que
324 2605 565 2674 proxime
610 2603 677 2657 ad
722 2603 942 2657 deorum
986 2603 1098 2658 vim
1142 2606 1338 2657 natura
1381 2603 1629 2658 mortalis
1666 2603 1840 2673 possit

177 2678 437 2732 accedere.
526 2676 716 2746 Itaque
778 2679 840 2730 ut
893 2676 1002 2730 alia
1051 2693 1152 2730 nos
1206 2676 1397 2730 melius
1429 2675 1624 2730 -multa
1676 2694 1838 2745 quam

176 2750 387 2818 Graeci,
435 2749 512 2803 sic
548 2748 673 2803 huic
710 2748 1208 2819 praestantissimae
1245 2749 1325 2802 rei
1359 2766 1558 2802 nomen
1592 2748 1768 2802 nostri
1807 2766 1841 2802 a

175 2823 327 2890 divis,
359 2822 563 2890 Graeci,
594 2825 655 2875 ut
678 2821 836 2875 Plato
867 2822 1269 2891 interpretatur,
1301 2839 1334 2875 a
1355 2821 1535 2875 furore
1559 2820 1837 2889 duxerunt.
1862 2835 1905 2868 ιο

118 2906 143 2946 2
177 2895 404 2949 Gentem
454 2894 667 2963 quidem
716 2895 923 2954 nullam
972 2894 1126 2948 video
1171 2912 1341 2963 neque
1386 2897 1500 2948 tam
1545 2893 1838 2946 humanam·
