2002 3178
107 585 159 625 70

105 1320 155 1359 71

104 2466 173 2570 ἓξ

195 161 299 214 172
797 161 878 205 DE
909 161 1309 233 DIVINATIONE

189 281 465 350 perterriti
502 283 650 334 metu
688 280 1072 335 conscendistis
1110 284 1168 336 et
1203 285 1367 336 noctu
1397 283 1466 336 ad
1496 284 1752 354 oppidum
1782 303 1859 338 re-

192 354 476 423 spicientes
515 354 798 424 flagrantis
837 355 1124 424 onerariaS,
1165 373 1298 425 quas
1335 357 1682 411 incenderant
1719 358 1859 411 mili-

190 430 287 495 teS,
327 427 454 496 quia
491 428 642 496 sequi
678 428 977 497 noluerant,
1015 428 1306 498 videbatis3
1341 433 1617 499 postremo
1656 450 1688 486 a
1717 431 1860 485 Rho-

191 500 280 553 dia
318 501 490 554 classe
529 500 727 553 deserti
763 519 950 554 verum
988 504 1168 554 vatem
1204 501 1372 555 fuisse
1411 504 1669 558 sensistis.

300 572 542 643 Exposui
589 592 750 643 quam
794 574 1110 628 brevissime
1146 576 1301 646 potui
1338 577 1534 630 somnii
1571 580 1627 631 et
1661 577 1860 634 furoris
1904 592 1926 627 5

191 647 388 716 oracla,
427 665 563 716 quae
601 666 782 701 carere
821 651 936 700 arte
976 648 1227 701 dixeram.
1303 647 1540 711 Quorum
1580 651 1862 704 amborum

192 737 447 790 generum
485 739 594 774 una
623 721 763 774 ratio
796 724 895 791 est,
933 739 1038 790 qua
1063 721 1351 792 Cratippus
1382 726 1567 776 noster
1595 724 1678 778 uti
1707 725 1862 794 solet,

191 794 399 847 animos
452 793 731 847 hominum
786 794 1018 863 quadam
1064 813 1127 848 ex
1173 799 1327 865 parte
1372 796 1699 851 extrinsecus
1745 815 1862 852 esse

190 870 394 920 tractos
443 870 497 920 et
537 868 761 920 haustos
801 865 888 938 (ex
928 886 1032 937 quo
1071 869 1407 939 intellegitur
1445 887 1560 923 esse
1599 874 1752 925 extra
1788 871 1862 925 di-

191 940 373 993 vinum
398 941 653 1011 animum,
682 941 948 994 humanus
979 942 1117 995 unde
1143 941 1404 1014 ducatur),
1435 943 1657 997 humani
1681 947 1861 998 autem
1884 960 1927 992 10

192 1014 359 1067 animi
397 1032 516 1067 eam
554 1018 785 1084 partem,
833 1033 968 1084 quae
1007 1033 1243 1084 sensum,
1284 1034 1419 1084 quae
1457 1020 1686 1087 motum,
1725 1036 1860 1088 quae

192 1088 490 1156 adpetitum
528 1087 748 1157 habeat,
793 1106 902 1142 non
940 1106 1055 1142 esse
1095 1090 1162 1142 ab
1203 1090 1412 1143 actione
1449 1090 1689 1160 corporis
1727 1092 1862 1145 seiu-

192 1165 400 1231 gatam3
440 1179 574 1231 quae
614 1164 794 1214 autem
831 1180 958 1231 pars
998 1162 1163 1215 animi
1201 1162 1426 1215 rationis
1465 1166 1626 1232 atque
1654 1164 1860 1218 intelle-

193 1235 407 1305 gentiae
444 1235 518 1288 sit
555 1235 850 1304 particeps,
901 1253 1019 1288 eam
1057 1239 1174 1288 tum
1212 1254 1460 1289 maxume
1497 1237 1702 1308 vigere,
1739 1256 1860 1292 cum

191 1308 484 1377 plurimum
524 1308 668 1361 absit
707 1327 739 1361 a
776 1326 1012 1378 corpore.
1079 1309 1268 1378 Itaque
1307 1309 1564 1379 expositis
1604 1311 1860 1382 exemplis
1884 1326 1927 1361 15

190 1399 440 1434 verarum
477 1381 922 1435 vaticinationum
961 1385 1015 1435 et
1046 1382 1376 1436 somniorum
1400 1381 1690 1454 Cratippus
1721 1385 1862 1439 solet

189 1455 454 1508 rationem
492 1455 803 1509 concludere
840 1455 943 1509 hoc
980 1456 1160 1509 modo:
1201 1454 1292 1509 ‘Si
1329 1455 1465 1510 sine
1504 1458 1708 1512 oculis
1737 1476 1859 1512 non

190 1532 409 1598 potest
468 1531 718 1581 exstare
773 1528 1065 1582 officium
1118 1532 1180 1582 et
1232 1547 1456 1583 munus
1509 1531 1861 1602 oculorum,

189 1604 463 1672 possunt
509 1604 718 1655 autem
765 1602 1110 1671 aliquando
1158 1603 1329 1656 oculi
1365 1621 1489 1657 non
1524 1603 1710 1676 fungi
1747 1623 1859 1660 suo

191 1694 469 1745 munere,
517 1675 623 1745 qui
667 1675 768 1729 vel
816 1676 1009 1729 semel
1056 1676 1150 1729 ita
1195 1679 1292 1730 est
1329 1694 1478 1730 usus
1517 1678 1745 1749 oculiS‚
1789 1681 1925 1734 ut²⁰

190 1767 339 1803 vera
376 1751 689 1818 cerneret,
727 1748 782 1802 is
820 1748 1017 1802 habet
1055 1767 1306 1803 sensum
1344 1750 1672 1805 oculorum
1709 1770 1860 1806 vera

190 1822 602 1877 cernentium.
676 1821 838 1876 Item
887 1822 1115 1893 igitur,
1168 1823 1224 1876 si
1269 1822 1406 1876 sine
1457 1824 1858 1880 divinatione

189 1914 314 1949 non
350 1898 569 1965 potest
607 1894 900 1949 officium
939 1899 1001 1949 et
1039 1913 1260 1950 munus
1293 1896 1720 1951 divinationis
1759 1917 1858 1953 ex-

192 1972 388 2038 stare,
447 1972 664 2040 potest
717 1972 925 2022 autem
980 1969 1142 2039 quie,
1203 1987 1339 2024 cum
1393 1970 1858 2026 divinationem

190 2043 455 2112 habeat,
516 2061 731 2096 errare
793 2042 1139 2112 aliquando
1199 2061 1311 2098 nec
1370 2061 1520 2098 vera
1579 2060 1922 2115 cernere‚25

192 2116 354 2170 satis
394 2118 492 2169 est
522 2116 598 2169 ad
628 2115 1134 2170 confirmandam
1166 2116 1630 2171 divinationem
1662 2119 1857 2173 semel

192 2189 442 2259 aliquid
491 2207 629 2243 esse
681 2189 775 2242 ita
824 2189 1200 2259 divinatum,
1252 2193 1320 2243 ut
1367 2190 1535 2244 nihil
1580 2191 1856 2247 fortuito

190 2263 500 2317 cecidisse
554 2263 866 2317 videatur.
942 2261 1100 2316 Sunt
1153 2266 1362 2317 autem
1415 2263 1549 2317 eius
1600 2266 1856 2335 generis

190 2336 712 2406 innumerabilia3
765 2354 904 2389 esse
949 2336 1155 2407 igitur
1201 2336 1665 2391 divinationem
1713 2356 1856 2394 oon-

188 2410 501 2464 fitendum
540 2409 672 2463 est?
1878 2427 1922 2460 ³0

299 2482 447 2546 Quae
492 2501 618 2538 vero
667 2486 762 2537 aut
807 2483 1111 2537 coniectura
1149 2483 1482 2553 explicantur
1520 2487 1614 2538 aut
1651 2486 1856 2540 eventis

192 2557 564 2610 animadversa
601 2574 664 2610 ac
699 2559 892 2610 notata
930 2560 1076 2626 sunt,
1122 2575 1185 2611 ea
1223 2575 1420 2627 genera
1459 2557 1751 2628 divinandi,
1794 2562 1857 2613 ut

192 2649 354 2700 supra
393 2630 522 2699 dixi,
559 2648 671 2684 non
706 2630 998 2700 naturalia,
1038 2630 1131 2683 sed
1169 2630 1460 2684 artificiosa
1497 2631 1764 2701 dicuntur3
1798 2632 1857 2686 in

190 2722 294 2772 quo
347 2703 681 2773 haruspice8‚
735 2721 964 2773 augures
1018 2704 1450 2772 coniectoresque
1494 2707 1855 2759 numerantur.

189 2776 337 2830 Haec
374 2777 732 2846 inprobantur
771 2795 804 2830 a
839 2776 1229 2846 PeripateticiS‚
1268 2796 1300 2830 a
1338 2775 1530 2831 Stoicis
1570 2777 1920 2841 defendun-,ae

189 2853 290 2903 tur.
346 2849 583 2911 Quorum
622 2850 731 2903 alia
769 2853 894 2903 sunt
929 2850 1109 2920 posita
1138 2851 1195 2903 in
1226 2849 1586 2904 monumentis
1619 2854 1673 2903 et
1703 2851 1854 2907 disci-

188 2923 359 2993 plina,
413 2924 555 2991 quod
598 2923 952 2978 Etruscorum
1007 2923 1281 2977 declarant
1327 2926 1381 2976 et
1425 2922 1755 2993 haruspicini
1799 2928 1855 2981 et
