2002 3178
107 1446 159 1484 23

106 2103 159 2142 24

199 143 307 196 204
779 138 861 184 DE
891 140 1291 186 DIVINATIONE

196 260 347 315 Nihil
394 263 573 314 autem
619 263 703 313 est
739 277 839 330 pro
877 262 1023 313 certo
1061 259 1327 330 futurum,
1373 261 1516 331 quod
1551 265 1734 333 potest
1771 263 1866 317 ali-

197 353 303 405 qua
339 333 717 404 procuratione
756 333 992 387 accidere
1029 351 1098 386 ne
1134 334 1244 387 fiat.

305 407 486 476 Atque
531 424 633 478 ego
678 423 746 459 ne
791 407 981 459 utilem
1028 406 1241 476 quidem
1280 407 1516 462 arbitror
1553 426 1670 463 esse
1706 409 1863 464 nobis

195 480 499 534 futurarum
543 498 721 533 rerum
768 480 1061 533 scientiam.
1137 479 1284 542 Quae
1329 481 1472 535 enim
1515 481 1630 536 vita
1672 482 1866 538 fuisset

195 553 434 623 Priamo,
482 552 530 607 si
575 554 643 607 ab
691 552 1054 606 adulescentia
1090 554 1303 624 scisset,
1353 572 1487 624 quos
1525 559 1749 610 eventus
1785 574 1864 610 se-
1896 572 1918 605 5

194 627 426 681 nectutis
443 629 586 681 esset
599 626 921 680 habiturus?
946 626 1220 681 Abeamus
1238 647 1271 681 a
1287 627 1504 698 fabulis,
1519 629 1776 700 propiora
1789 631 1865 684 vi-

196 701 428 754 deamus
473 698 912 755 Clarissimorum
936 700 1215 754 hominum
1244 704 1463 755 nostrae
1486 702 1721 756 civitatis
1745 714 1864 775 gra·

194 774 444 828 vissimos
468 773 641 827 exitus
663 773 721 826 in
736 772 1119 828 Consolatione
1135 775 1466 846 collegimus.
1505 774 1644 838 Quid
1658 776 1864 849 igitur?

193 851 255 901 ut
293 847 608 901 omittamus
647 847 970 917 superiores,
1007 847 1259 902 Marcone
1297 847 1494 903 Crasso
1531 853 1693 920 putas
1728 850 1864 904 utile

192 921 358 974 fuisse
396 924 528 990 tum,
565 939 687 974 cum
725 920 990 973 maxumis
1029 921 1220 990 opibus
1249 921 1586 992 fortunisque
1619 923 1863 994 florebat,
1886 942 1931 977 ιο

195 995 328 1048 scire
361 993 464 1047 sibi
486 993 768 1048 interfecto
791 993 986 1047 Publio
1009 994 1124 1048 filio
1149 995 1487 1065 exercituque
1512 997 1686 1050 deleto
1708 999 1862 1051 trans

192 1067 526 1137 Euphratem
550 1085 670 1120 cum
692 1066 991 1138 ignominia
1013 1070 1069 1120 et
1092 1068 1346 1122 dedecore
1364 1087 1482 1123 csse
1497 1071 1862 1140 pereundum?

195 1142 282 1194 An
299 1139 393 1194 Cn.
404 1140 720 1210 Pompeium
744 1157 927 1195 censes
951 1141 1126 1194 tribus
1151 1142 1262 1195 suis
1285 1143 1671 1213 consulatibus,
1685 1143 1862 1198 tribus

193 1213 498 1284 triumphiS,
529 1213 883 1266 maximarum
914 1232 1093 1267 rerum
1125 1215 1302 1285 gloria
1331 1216 1659 1270 laetaturum
1680 1217 1861 1288 fuisse,

195 1289 240 1340 si
283 1288 444 1340 sciret
482 1304 539 1340 se
576 1287 634 1339 in
671 1286 959 1340 solitudine
998 1286 1391 1358 Aegyptiorum
1429 1290 1756 1344 trucidatum
1792 1291 1861 1344 iri
1885 1307 1928 1340 ιε

193 1361 392 1414 amisso
447 1360 703 1429 exercitu,
756 1364 883 1430 post
934 1364 1163 1414 mortem
1216 1380 1344 1416 vero
1391 1381 1455 1416 ea
1497 1367 1862 1434 consecutura,

194 1452 328 1503 quae
374 1433 490 1487 sine
534 1433 769 1487 lacrimis
815 1452 925 1487 non
961 1452 1247 1504 possumus
1286 1435 1496 1490 dicere?
1557 1435 1695 1498 Quid
1732 1455 1860 1492 vero

193 1507 477 1561 Caesarem
514 1509 782 1577 putamus,
821 1507 868 1560 si
907 1507 1201 1561 divinasset
1237 1508 1352 1562 fore
1382 1512 1445 1562 ut
1473 1509 1532 1563 in
1559 1528 1622 1564 eo
1654 1513 1860 1581 senatu,

192 1599 349 1650 quem
387 1579 590 1634 maiore
629 1598 692 1633 ex
729 1582 884 1650 parte
921 1580 1038 1650 ipse
1077 1584 1398 1652 cooptasset,
1436 1582 1492 1635 in
1526 1583 1674 1637 curia
1703 1583 1859 1638 Pom·

191 1653 312 1724 peia
359 1656 482 1706 ante
528 1653 697 1723 ipsius
735 1653 979 1723 Pompeii
1025 1653 1373 1709 simulacrum
1417 1659 1504 1710 tot
1540 1657 1858 1711 centurioni·
1880 1675 1923 1708 ιο

190 1728 291 1780 bus
332 1727 441 1779 suis
480 1726 905 1796 inspectantibus
938 1745 971 1780 a
999 1727 1367 1782 nobilissumis
1399 1729 1619 1800 civibus,
1656 1731 1857 1801 partim

191 1800 354 1853 etiam
393 1819 426 1853 a
463 1818 521 1852 se
559 1800 806 1853 omnibus
838 1800 998 1853 rebus
1031 1801 1251 1870 ornatis,
1287 1801 1586 1856 trucidatus
1614 1803 1696 1856 ita
1724 1804 1858 1858 iace·

189 1877 298 1943 ret,
346 1876 407 1926 ut
454 1872 522 1925 ad
570 1872 683 1926 eius
722 1890 915 1942 corpus
953 1891 1061 1926 non
1099 1874 1257 1928 modo
1296 1875 1611 1946 amicorum,
1659 1877 1752 1930 sed
1788 1895 1856 1932 ne

192 1964 467 2000 servorum
522 1945 735 2015 quidem
788 1946 1072 2015 quisquam
1122 1947 1414 2016 accederet,
1468 1967 1573 2019 quo
1618 1950 1854 2004 cruciatu

191 2019 356 2073 animi
404 2019 574 2072 vitam
619 2022 862 2073 acturum
907 2020 1108 2074 fuisse?
1168 2019 1327 2075 Certe
1371 2021 1541 2093 igitur
1583 2022 1852 2094 ignoratio
1878 2040 1921 2073 25

190 2093 493 2146 futurorum
539 2093 804 2146 malorum
849 2093 1037 2146 utilior
1081 2096 1165 2147 est
1203 2112 1364 2164 quam
1402 2095 1637 2150 scientia.
1710 2095 1854 2151 Nam

189 2166 324 2219 illud
370 2166 583 2235 quidem
633 2166 756 2235 dici,
801 2166 1119 2236 praesertim
1166 2185 1199 2221 a
1236 2166 1452 2238 Stoicis,
1496 2169 1648 2222 nullo
1694 2170 1852 2224 modo

189 2241 392 2309 potest:
439 2237 564 2291 Non
607 2238 741 2292 isset
778 2239 846 2292 ad
884 2258 1035 2293 arma
1070 2239 1379 2310 Pompeius,
1422 2259 1533 2295 non
1567 2243 1854 2296 transisset

191 2312 416 2366 Crassus
473 2311 828 2381 Euphratem,
887 2330 996 2366 non
1056 2313 1376 2383 suscepisset
1433 2314 1637 2368 bellum
1696 2315 1852 2370 civile

191 2384 403 2438 Caesar.
477 2383 601 2437 Non
645 2385 816 2455 igitur
857 2384 1044 2438 fatalis
1094 2386 1268 2439 exitus
1312 2387 1640 2457 habuerunt3
1684 2389 1852 2443 vultis
1875 2405 1917 2438 so

186 2462 372 2511 autem
419 2457 628 2510 evenire
674 2457 854 2511 omnia
889 2457 1027 2527 fato3
1071 2458 1207 2511 nihil
1246 2477 1375 2530 ergo
1412 2460 1524 2513 illis
1560 2461 1853 2531 profuisset

192 2532 452 2599 divinare3
491 2533 652 2600 atque
687 2531 851 2584 etiam
883 2549 1094 2584 omnem
1123 2531 1358 2586 fructum
1388 2533 1532 2587 vitae
1561 2535 1851 2605 superioris

191 2604 573 2674 perdidissent3
612 2603 740 2672 quid
777 2603 918 2657 enim
955 2607 1140 2674 posset
1176 2605 1244 2658 iis
1283 2624 1398 2660 esse
1437 2606 1639 2661 laetum
1677 2607 1850 2662 exitus

192 2695 316 2729 suos
357 2676 759 2747 cogitantibus?
819 2675 928 2746 Ita,
967 2695 1181 2747 quoquo
1220 2696 1336 2732 sese
1373 2679 1633 2733 verterint
1669 2678 1849 2750 Stoici,

191 2750 363 2802 iaceat
399 2766 612 2802 necesse
651 2753 735 2802 est
772 2750 944 2803 omnis
983 2768 1168 2804 eorum
1206 2751 1461 2805 sollertia.
1523 2751 1579 2805 Si
1609 2753 1749 2806 enim
1779 2754 1850 2823 id,
1873 2769 1915 2802 οε,

194 2821 334 2890 quod
386 2824 699 2874 eventurum
745 2826 848 2891 est,
900 2823 988 2877 vel
1036 2823 1139 2877 hoc
1184 2825 1270 2877 vel
1318 2824 1415 2878 illo
1463 2824 1622 2878 modo
1669 2829 1851 2896 potest

195 2893 418 2963 evenire,
454 2893 672 2946 fortuna
709 2896 856 2949 valet
892 2895 1206 2966 plurimum3
1244 2916 1378 2965 quae
1417 2900 1596 2950 autem
1623 2897 1852 2953 fortuita
