2002 3178
177 1588 207 1694 ἒ

238 169 339 222 196
811 165 891 209 DE
924 163 1329 210 DIVINATIONE

234 298 348 341 quae
389 285 485 328 sint
520 296 730 340 quaeque
766 281 924 327 futura
962 281 1075 338 sint,
1122 295 1178 326 ex
1217 279 1342 326 omni
1379 278 1658 325 aeternitate
1695 278 1901 326 fataliter

232 343 422 388 definita
459 356 560 388 esse
597 340 825 396 iudicent,
864 340 984 384 nihil
1014 338 1235 398 prodesse
1266 337 1602 384 divinationem
1636 340 1754 397 (cap.
1784 343 1901 384 5-8

232 408 256 456 ξ
290 402 502 458 12—21),
541 401 591 445 et
626 413 736 445 vero
775 398 990 443 inutilem
1027 397 1293 443 hominibus
1332 410 1433 443 esse
1462 396 1721 443 futurarum
1749 409 1900 442 rerum

233 459 474 506 scientiam
506 461 623 517 (cap.
649 464 676 504 9
708 463 733 513 ξ
757 459 962 514 22-24),
996 458 1045 502 et
1075 457 1199 514 quod
1230 456 1389 501 dicant
1415 454 1542 500 mala
1570 455 1727 501 omnia
1753 454 1816 500 aad
1837 454 1901 500 fe-

233 519 423 563 rendum
446 518 625 563 leviora
646 517 744 562 fore
767 517 904 561 rebus
928 514 1099 560 divinis
1123 515 1398 574 procuratis,
1419 513 1541 559 nihil
1555 513 1606 559 id
1623 527 1737 570 esse,
1762 513 1901 572 quod,

233 578 274 622 si
302 577 423 621 nihil
452 577 536 621 fiat
566 578 695 622 extra
723 575 884 630 fatum,
914 574 1034 619 nihil
1064 573 1213 619 levari
1242 588 1292 619 re
1323 573 1485 618 divina
1512 572 1664 632 possit
1693 575 1812 630 (cap.
1847 577 1903 618 10

231 641 256 691 ξ
279 641 350 691 25,
382 638 472 692 26).
526 634 757 692 Deinceps
789 634 975 691 singula
1005 632 1306 678 divinationis
1337 645 1520 689 genera,
1552 644 1670 689 quae
1698 634 1821 689 (cap.
1847 637 1900 676 11

232 701 256 749 ἓ
289 701 357 750 26,
390 696 465 752 27)
497 694 648 739 denuo
679 692 894 752 partitur,
928 691 1130 736 refutare
1163 691 1445 749 adgreditur.
1505 691 1574 736 Ac
1604 690 1664 736 de
1692 689 1902 747 haruspi-

232 751 818 868 3³0¹¹ssuig¹ssffffisd2333¹⁵af÷
857 750 1100 863 ³35&
1132 750 1902 875 itssisssaffstssfftss¹339225395

719 847 730 858 .
1219 843 1230 864 ,
1687 843 1696 852 .

232 876 257 925 ξ
286 873 490 926 49-69).
553 869 731 914 Deinde
771 870 1021 923 monstrat,
1065 881 1203 924 quam
1244 880 1366 912 vana
1402 866 1498 912 sint
1533 865 1744 924 auspicia
1783 868 1902 924 (cap.

231 934 406 974 33-—40
438 934 462 983 ξ
488 931 691 987 ‘lo—84).
745 927 862 972 Tum
893 927 950 972 de
982 926 1183 972 sortibus
1214 926 1314 983 agit
1343 927 1462 984 (cap.
1495 931 1551 970 41
1584 930 1609 980 ξ
1631 926 1824 980 85—87)
1856 924 1905 969 et

232 987 289 1032 de
324 986 660 1032 Chaldaeorum
682 985 1079 1045 praedictionibus
1102 984 1397 1042 astrologicis
1421 988 1670 1040 earumque
1693 981 1903 1029 vanitate

232 1048 350 1103 (cap.
384 1051 558 1091 42-4'7
590 1051 616 1100 ξ
640 1047 846 1103 87-99).
903 1043 1028 1096 Quae
1058 1043 1240 1100 reliqua
1269 1044 1378 1088 sunt
1409 1042 1499 1088 duo
1529 1041 1756 1087 naturalis
1786 1040 1903 1086 divi-

232 1104 435 1149 nationis
475 1118 646 1162 genera
683 1107 800 1161 (cap.
833 1109 889 1148 48
921 1109 945 1157 ξ
980 1106 1100 1160 100),
1142 1102 1343 1147 alterum
1379 1100 1712 1159 praedictionis
1751 1099 1903 1145 furore

234 1163 434 1220 quodam
472 1164 631 1217 natae,
679 1176 769 1219 quo
809 1161 949 1206 etiam
988 1161 1210 1205 librorum
1249 1159 1582 1217 Sibyllinorum
1617 1158 1903 1215 aliorumque

233 1223 524 1267 oraculorum
554 1222 701 1266 sortes
733 1222 782 1265 et
811 1219 1040 1264 vaticinia
1068 1219 1212 1264 refert
1240 1223 1357 1277 (cap.
1382 1223 1557 1264 49—57
1587 1222 1614 1272 ξ
1639 1219 1902 1274 101-118),

234 1280 515 1325 somniorum
538 1280 734 1324 alterum
758 1281 876 1337 (cap.
895 1283 1065 1324 58-71
1094 1283 1118 1332 ἓ
1146 1281 1395 1335 119-142)
1419 1275 1625 1334 attingit.
1671 1277 1726 1321 In
1748 1274 1904 1333 dispu-

232 1338 425 1383 tationis
458 1338 754 1384 conclusione
784 1336 1061 1394 religionem
1091 1336 1325 1393 tuendam‚
1357 1336 1442 1381 sed
1472 1334 1806 1384 confutandam,
1831 1347 1905 1379 su·

233 1397 557 1454 perstitionem
587 1411 686 1442 esse
719 1395 924 1454 graviter
954 1395 1175 1440 admonet
1205 1396 1323 1452 (cap.
1357 1399 1413 1440 72
1445 1399 1470 1449 ξ
1505 1395 1765 1451 148-150).

344 1603 633 1667 Quaerenti
657 1603 790 1656 mihi
814 1603 1150 1671 multumque
1175 1604 1229 1654 et
1254 1600 1343 1653 diu
1367 1599 1645 1671 cogitanti,
1675 1618 1904 1670 quanam

235 1697 292 1732 re
331 1696 546 1747 possem
583 1677 836 1747 prodesse
876 1694 1037 1746 quam
1075 1674 1348 1745 plurimis,
1388 1691 1455 1726 ne
1495 1672 1706 1742 quando
1745 1673 1904 1726 inter-

236 1752 505 1804 mitterem
543 1751 820 1804 consulere
859 1749 937 1802 rei
973 1748 1235 1818 publicae,
1271 1746 1424 1800 nulla
1462 1746 1634 1799 maior
1672 1764 1904 1801 occurre·

236 1826 354 1892 bat,
403 1842 563 1893 quam
609 1823 656 1876 si
702 1823 1029 1892 optimarum
1075 1821 1274 1874 artium
1311 1820 1427 1872 vias
1466 1819 1734 1873 traderem
1772 1819 1904 1872 meis

236 1898 464 1966 civibus3
503 1896 645 1966 quod
683 1895 1028 1964 conpluribus
1066 1894 1175 1947 iam
1213 1893 1367 1946 libris
1404 1910 1488 1945 me
1520 1891 1755 1946 arbitror
1785 1910 1904 1947 con-

238 1973 491 2024 secutum.
567 1968 711 2022 Nam
761 1972 815 2021 et
866 1967 1134 2021 cohortati
1185 1983 1390 2035 sumuS,
1439 1968 1500 2018 ut
1544 1965 1775 2019 maxime
1815 1983 1906 2036 po·

237 2044 462 2112 tuimus,
517 2042 584 2096 ad
636 2041 1013 2113 philosophiae
1068 2040 1303 2093 studium
1358 2056 1425 2092 eo
1470 2038 1635 2108 libro,
1688 2038 1780 2108 qui
1824 2041 1907 2091 est

235 2117 524 2187 inscriptus
571 2115 892 2170 Hortensius
899 2157 914 2184 ,
961 2117 1036 2184 et,
1087 2113 1229 2184 quod
1275 2130 1442 2184 genus
1489 2111 1906 2182 philosophandi

238 2190 454 2243 minime
502 2189 770 2260 adrogans
818 2188 1151 2257 maximeque
1198 2189 1252 2239 et
1297 2187 1550 2240 constans
1594 2187 1650 2238 et
1687 2185 1905 2256 elegans

238 2263 646 2330 arbitraremur,
694 2264 950 2331 quattuor
990 2259 1323 2314 Academicis
1366 2257 1522 2311 libris
1560 2258 1905 2312 ostendimus.

239 2335 479 2405 Cumque
526 2334 936 2388 fundamentum
983 2336 1125 2387 esset
1161 2330 1537 2403 philosophiae
1574 2330 1811 2400 positum
1848 2330 1904 2384 in

238 2409 433 2462 finibus
471 2408 736 2461 bonorum
771 2410 827 2460 et
857 2407 1137 2475 malorum,
1174 2407 1534 2475 perpurgatus
1565 2406 1650 2457 est
1677 2403 1725 2457 is
1756 2404 1905 2457 locus

239 2502 271 2535 a
315 2482 471 2535 nobis
519 2480 752 2550 quinque
797 2479 975 2548 libris,
1023 2482 1107 2548 ut,
1154 2478 1281 2548 quid
1326 2496 1359 2531 a
1405 2494 1636 2546 quoque,
1686 2479 1741 2530 et
1780 2475 1906 2546 quid

239 2558 426 2608 contra
466 2572 727 2623 quemque
765 2551 1150 2623 philosophum
1189 2551 1466 2619 diceretur,
1504 2549 1750 2620 intellegi
1786 2566 1906 2619 pos-

241 2631 336 2681 set.
390 2627 636 2680 Totidem
676 2625 946 2680 subsecuti
978 2625 1105 2678 libri
1135 2623 1559 2678 Tusculanarum
1590 2621 1906 2692 disputatio·

239 2719 367 2754 num
405 2718 492 2753 res
531 2700 598 2753 ad
635 2700 792 2752 beate
829 2698 1114 2751 vivendum
1152 2697 1381 2751 maxime
1418 2695 1748 2749 necessarias
1787 2713 1906 2764 ape·

239 2775 475 2826 ruerunt.
550 2772 762 2826 Primus
826 2771 967 2824 enim
1027 2774 1111 2823 est
1164 2770 1228 2823 de
1281 2767 1667 2823 contemnenda
1719 2771 1908 2836 morte,

241 2845 499 2898 secundus
539 2845 602 2898 de
640 2844 920 2898 tolerando
960 2843 1158 2911 dolore,
1196 2842 1260 2896 de
1299 2840 1632 2912 aegritudine
1662 2839 1909 2894 lenienda

239 2918 456 2984 tertiuS,
510 2921 731 2985 quartus
787 2918 850 2970 de
903 2916 1124 2984 reliquis
1179 2915 1344 2968 animi
1396 2912 1906 2982 perturbationibus,

1929 2270 1971 2304 10

1931 2636 1969 2669 15
