2002 3178
265 185 371 238 256
967 183 1047 228 DE
1078 183 1232 229 FA'ro

263 307 368 374 ret,
416 305 722 358 obstructas
769 321 857 358 eas
902 307 1086 374 partes
1131 307 1186 358 et
1224 303 1505 358 obturatas
1543 322 1661 358 3333
1699 303 1931 375 dicebat3

265 378 469 432 addidit
514 378 677 432 etiam
724 377 1095 447 mulierosum3
1138 376 1197 431 111
1233 395 1339 448 quo
1377 376 1684 432 Alcibiades
1723 378 1932 433 cachin-

181 463 227 502 11
263 471 393 505 num
433 451 626 505 dicitur
663 451 960 505 sustulisse.
1026 448 1129 504 Sed
1165 450 1299 506 haec
1337 469 1402 505 ex
1438 452 1775 506 naturalibus
1813 470 1932 508 cau-

265 525 338 578 sis
388 525 523 579 vitia
570 525 719 578 nasci
763 527 1012 596 possunt,
1061 523 1318 594 extirpari
1363 527 1544 578 autem
1591 528 1648 579 et
1689 524 1931 580 funditus

264 598 400 668 tolli,
437 601 499 652 ut
536 599 584 651 is
622 598 760 668 ipse,
800 597 892 668 qui
929 598 997 652 ad
1036 616 1099 652 ea
1135 615 1430 668 propensus
1468 597 1655 667 fuerit,
1692 617 1727 653 a
1762 599 1931 652 tantis
1975 615 1997 650 ο

265 672 411 725 vitiis
467 675 741 742 avocetur,
793 689 903 725 non
956 673 1039 725 est
1089 671 1145 724 id
1197 672 1435 742 positum
1485 671 1543 725 in
1593 672 1932 726 naturalibus

266 745 462 815 3311313,
502 745 595 799 sed
632 745 690 798 in
726 745 1021 814 voluntate,
1060 744 1253 814 studi0,
1291 744 1588 816 disciplina.
1630 743 1794 808 ‘Quae
1831 745 1933 800 tol-

266 819 451 871 luntur
503 818 704 887 omnia,
758 818 805 871 si
856 818 939 872 vis
985 821 1040 872 et
1084 821 1279 872 natura
1325 817 1428 872 fati
1462 835 1539 872 ‘ex
1587 818 1932 873 divinationis

267 892 476 945 ratione
512 891 831 945 firmabitur.

202 965 235 1018 6
375 965 591 1018 Etenim
638 965 684 1018 si
730 967 813 1018 est
852 963 1135 1034 divinatio,
1180 964 1558 1034 qualibusnam
1595 983 1630 1019 a
1664 967 1931 1036 perceptis
1955 983 1998 1017 ιο

269 1038 400 1091 artis
439 1038 829 1107 proficiscitur?
873 1035 1200 1108 (percepta
1238 1038 1474 1108 appello,
1514 1056 1649 1108 quae
1686 1039 1934 1093 dicuntur

270 1110 471 1165 Graece
516 1108 887 1181 θεωρήματα).
954 1109 1080 1164 Νο11
1118 1110 1260 1163 3111111
1298 1111 1453 1165 credo
1491 1112 1642 1166 nullo
1680 1116 1932 1183 percepto

268 1188 362 1237 aut
407 1187 611 1237 ceteros
659 1184 889 1237 artifices
935 1183 1141 1237 versari
1178 1183 1234 1237 in
1274 1202 1370 1238 suo
1409 1203 1650 1255 munere,
1696 1188 1790 1239 aut
1827 1204 1934 1255 eos,

186 1268 236 1307 12
269 1258 360 1327 qui
400 1258 726 1311 divinatione
757 1259 994 1327 utantur,
1030 1257 1214 1310 futura
1243 1257 1564 1327 praedicere.
1617 1227 1738 1312 Sint
1766 1258 1935 1330 igitur

268 1331 667 1415 astrologorum
726 1333 980 1400 percepta
1035 1330 1193 1383 huius
1247 1330 1412 1384 modi·
1475 1328 1560 1384 Si
1611 1331 1730 1402 quis
1782 1331 1933 1386 verbi
1957 1349 1998 1383 111

268 1423 428 1458 331133
465 1404 675 1458 oriente
707 1402 964 1457 Canicula
999 1407 1159 1457 natus
1199 1407 1297 1473 est,
1333 1403 1380 1457 is
1417 1403 1476 1458 in
1511 1404 1650 1459 mari
1683 1423 1796 1460 non
1824 1423 1934 1460 mo-

268 1478 449 1531 rietur.
454 1477 469 1499 ’
535 1477 742 1548 Vigila,
790 1476 1111 1546 Chrysippe,
1156 1495 1223 1530 ne
1261 1480 1413 1530 tuam
1450 1495 1718 1548 causam,
1715 1478 1791 1532 in
1828 1497 1935 1548 qua

268 1551 370 1604 tibi
408 1565 528 1604 cum
566 1550 826 1619 Diodoro,
875 1550 1089 1603 valente
1128 1550 1429 1620 dialectice,
1473 1569 1670 1635 magna
1706 1551 1932 1606 luctatio

269 1628 366 1693 est,
397 1624 623 1677 deseras.
685 1621 743 1676 Si
781 1623 922 1676 enim
961 1626 1045 1676 est
1081 1641 1281 1693 verum,
1320 1623 1463 1694 quod
1498 1624 1579 1678 ita
1615 1625 1932 1679 conectitur.

270 1696 354 1750 ‘Si
392 1697 511 1766 quis
549 1696 753 1750 oriente
785 1694 1042 1750 Canicula
1077 1700 1238 1750 natus
1276 1700 1374 1766 est,
1411 1697 1469 1751 in
1506 1698 1644 1751 mari
1679 1715 1789 1752 11011
1823 1717 1932 1752 mo·
1955 1715 1998 1749 ιο

270 1770 473 1839 rietur',
525 1770 662 1823 illud
708 1788 919 1839 quoque
964 1788 1151 1823 verum
1198 1773 1302 1824 est:
1357 1768 1441 1824 ‘Si
1483 1769 1683 1824 Fabius
1729 1771 1933 1826 oriente

270 1842 525 1897 Canicula
575 1846 735 1896 natus
789 1846 894 1912 est,
946 1842 1144 1896 Fabius
1197 1842 1255 1896 in
1305 1842 1444 1896 mari
1485 1861 1597 1897 non
1639 1843 1933 1899 morietur?

268 1916 521 1988 Pugnant
550 1916 719 1987 igitur
748 1916 881 1970 haec
910 1916 1052 1969 inter
1082 1934 1153 1985 se,
1190 1915 1418 1970 Fabium
1450 1916 1655 1970 oriente
1679 1915 1933 1972 Canicula

268 1993 457 2043 natum
496 2007 626 2059 esse,
665 1992 719 2043 et
755 1988 982 2042 Fabium
1018 1989 1075 2042 in
1113 1989 1250 2043 mari
1288 1989 1632 2060 moriturum;
1677 1993 1732 2044 et
1770 2009 1932 2060 quon-

268 2063 378 2116 iam
424 2066 628 2117 certum
672 2062 730 2116 in
773 2061 941 2116 Fabio
987 2062 1228 2132 ponitur,
1272 2066 1462 2116 natum
1509 2081 1625 2117 esse
1670 2081 1788 2117 eum
1837 2063 1932 2117 Ca·
1956 2079 1999 2113 85

268 2137 448 2190 nicula
486 2136 703 2205 oriente,
737 2136 869 2189 haec
908 2153 1118 2204 quoque
1155 2139 1415 2206 pugnant,
1453 2138 1509 2190 et
1545 2153 1662 2190 3333
1691 2134 1933 2201 Fabium,

271 2213 325 2263 et
368 2210 425 2263 in
470 2209 607 2262 mari
653 2227 768 2263 esse
806 2209 1142 2262 moriturum.
1208 2209 1357 2279 Ergo
1394 2208 1527 2263 haec
1565 2227 1781 2279 quoque*
1812 2227 1932 2263 con-

269 2282 469 2336 iunctio
516 2285 599 2335 est
646 2301 709 2336 ex
753 2282 1201 2352 repugnantibus:
1255 2281 1354 2335 ‘Et
1400 2284 1484 2335 est
1519 2281 1740 2352 Fabius,
1785 2285 1841 2336 et
1877 2282 1935 2335 in

269 2356 407 2409 mari
443 2354 642 2408 Fabius
687 2354 980 2424 morietur',
1027 2355 1189 2424 quod,
1233 2357 1295 2408 ut
1339 2354 1675 2424 propositum
1715 2357 1819 2424 est,
1863 2372 1932 2408 ne

270 2428 387 2482 fieri
421 2428 633 2498 quidem
663 2430 858 2497 potest.
911 2428 1059 2498 Ergo
1084 2427 1240 2481 illud:
1281 2427 1560 2481 ‘Morietur
1588 2427 1646 2480 in
1675 2427 1812 2481 mari
1833 2426 1930 2481 Fa·
1953 2441 1997 2474 ⁸0

271 2500 411 2555 bius'
451 2520 514 2554 ex
552 2519 613 2555 eo
655 2518 847 2571 genere
887 2504 990 2569 est,
1029 2501 1171 2570 quod
1207 2500 1321 2553 fieri
1360 2518 1470 2554 non
1505 2502 1702 2571 potest.
1762 2499 1931 2554 Omne

211 2614 239 2666 7
274 2592 417 2644 erg0,
458 2574 598 2643 quod
635 2573 833 2626 falsum
873 2573 1066 2627 dicitur
1103 2574 1160 2626 in
1196 2571 1394 2642 futur0,
1431 2572 1487 2626 id
1523 2573 1641 2626 fieri
1676 2590 1786 2626 non
1814 2575 1932 2643 pot-

190 2678 241 2717 13
274 2650 371 2700 est.
438 2646 515 2699 At
551 2646 674 2715 hoc,
714 2645 1032 2716 Chrysippe,
1071 2646 1289 2699 minime
1326 2646 1431 2716 vis,
1468 2645 1800 2715 maximeque
1830 2644 1933 2701 tibi

275 2719 337 2772 de
375 2719 477 2773 hoc
513 2719 632 2788 ipso
672 2737 791 2772 cum
829 2719 1065 2772 Diodoro
1105 2722 1375 2772 certamen
1412 2721 1509 2772 est.
1567 2717 1669 2772 Ille
1707 2718 1847 2772 enim
1877 2717 1932 2771 id

276 2792 450 2845 solum
486 2791 602 2844 fieri
640 2809 796 2860 posse
837 2792 984 2860 dicit,
1025 2792 1166 2860 quod
1205 2794 1299 2844 aut
1337 2791 1410 2844 sit
1446 2810 1632 2845 verum
1663 2794 1756 2844 aut
1791 2791 1931 2844 futu·
1953 2802 1996 2838 ³⁵

273 2883 393 2917 rum
432 2863 504 2916 sit
541 2881 739 2932 verum,
778 2867 848 2933 et,
887 2864 1136 2933 quicquid
1172 2864 1412 2918 futurum
1450 2864 1536 2933 sit,
1573 2863 1629 2917 id
1659 2863 1787 2917 dicit
1816 2861 1932 2917 fieri

274 2954 487 2990 necesse
533 2954 647 2989 esse
693 2940 773 3005 et,
819 2937 1068 3004 quicquid
1111 2955 1220 2990 non
1258 2937 1330 2989 sit
1366 2936 1629 3002 futurum,
1677 2935 1732 2989 id
1767 2936 1932 3004 negat
