2002 3178
536 150 649 196 LIB.
680 149 738 197 H.
779 148 905 195 CAP.
940 155 1130 197 39—41.
1170 155 1195 205 ξ
1227 155 1416 196 81-87.
1701 149 1807 202 227

128 271 174 326 si
213 271 580 342 suscipiamus,
618 271 770 342 pedis
810 271 1033 325 offensio
1073 271 1231 324 nobis
1272 274 1326 323 et
1360 271 1614 341 abruptio
1646 271 1808 325 corri-

127 347 249 417 giae
286 349 343 400 et
379 348 751 399 sternumenta
790 348 948 398 erunt
987 345 1336 398 observanda.

236 416 422 475 Sortes
460 422 671 473 restant
709 422 764 472 et
802 417 1084 487 Chaldaei,
1129 422 1191 471 ut
1230 419 1297 472 ad
1336 421 1488 472 vates
1527 418 1805 472 veniamus

126 497 182 548 et
234 493 304 547 ad
349 493 573 548 somnia.
649 493 947 546 Dicendum
992 493 1162 563 igitur
1207 495 1367 562 putas
1419 493 1483 546 de
1531 493 1807 547 sortibus?

81 581 103 615 ο
126 565 264 630 Quid
296 568 440 621 enim
470 585 589 621 sors
621 567 742 621 est‘?
780 566 931 620 Idem
962 585 1130 636 prope
1155 567 1388 636 modum,
1422 567 1565 636 quod
1596 567 1809 636 micare,

126 641 269 711 quod
306 642 450 695 talos
487 641 684 710 iacere,
731 641 874 710 quod
912 643 1167 710 tesseraS,
1208 641 1402 710 quibus
1441 640 1497 693 in
1535 641 1696 694 rebus
1734 644 1810 694 te-

125 715 346 768 meritas
386 718 442 768 et
478 733 652 784 casuS,
689 733 800 768 non
838 714 979 767 ratio
1012 732 1109 768 nec
1140 714 1427 768 consilium
1458 715 1619 767 valet.
1669 714 1810 768 Tota

123 807 210 843 res
242 792 326 842 est
356 789 577 843 inventa
605 788 837 842 fallaciis
872 791 966 841 aut
997 788 1065 842 ad
1098 792 1383 858 quaestum
1416 792 1510 841 aut
1535 788 1603 841 ad
1627 807 1809 859 super·

125 863 404 916 stitionem
453 866 549 916 aut
594 862 662 916 ad
707 880 957 915 errorem.
1027 863 1209 931 Atque
1254 866 1317 915 ut
1361 862 1419 915 in
1465 862 1809 933 haruspicina

61 951 103 985 ιο
124 936 371 1006 fecimus,
425 937 503 990 sic
555 935 855 1005 videamus,
909 936 1350 989 clarissumarum
1396 937 1626 990 sortium
1673 955 1808 1006 quae

124 1010 373 1064 tradatur
393 1010 667 1081 inventio,
727 1008 1048 1062 Numerium
1087 1008 1405 1063 Suffustium
1436 1009 1809 1064 Praenestino·

124 1103 245 1138 rum
284 1088 634 1138 monumenta
672 1084 963 1152 declarant,
1000 1084 1289 1137 honestum
1327 1084 1602 1137 hominem
1633 1088 1688 1137 et
1718 1103 1810 1138 no·

125 1157 306 1226 bilem,
346 1157 569 1212 somniis
604 1158 822 1227 crebriS,
862 1157 930 1211 ad
969 1161 1268 1211 extremum
1301 1158 1466 1211 etiam
1506 1158 1808 1212 minacibus

126 1251 248 1286 cum
285 1232 560 1285 iuberetur
599 1234 744 1286 certo
783 1231 840 1284 in
879 1232 998 1286 loco
1040 1232 1245 1284 silicem
1286 1232 1520 1302 caedere,
1558 1233 1809 1302 perterri-

60 1319 103 1354 ιο
126 1309 245 1360 tum
288 1305 420 1359 visis
464 1305 817 1358 irridentibus
856 1305 966 1358 suis
1007 1305 1213 1358 civibus
1252 1306 1307 1358 id
1347 1324 1507 1377 agere
1546 1306 1808 1376 coepisse3

126 1380 310 1450 itaque
339 1378 612 1450 perfracto
645 1396 774 1432 saxo
808 1379 972 1432 sortis
1004 1379 1244 1449 erupisse
1274 1379 1330 1432 in
1356 1381 1549 1433 robore
1576 1379 1809 1450 insculp-

125 1457 211 1508 tas
264 1457 565 1524 priscarum
618 1453 926 1506 litterarum
978 1453 1138 1506 notis.
1221 1452 1277 1506 Is
1325 1457 1409 1507 est
1453 1453 1612 1506 hodie
1658 1454 1808 1507 locus

127 1530 347 1598 saeptus
385 1527 640 1598 religiose
678 1530 901 1597 propter
931 1525 1078 1580 Iovis
1118 1527 1284 1597 pueri,
1326 1528 1418 1597 qui
1448 1528 1654 1581 lactens
1687 1547 1809 1581 cum

125 1601 331 1655 Iunone
361 1599 638 1654 Fortunae
671 1601 729 1653 in
761 1601 967 1671 gremio
1002 1601 1190 1653 sedens
1224 1621 1516 1654 mammam
1550 1602 1806 1671 adpetens

61 1690 104 1723 20
127 1674 428 1730 castissime
467 1674 663 1728 colitur
702 1693 734 1727 a
772 1674 1052 1727 matribus
1121 1674 1432 1745 Eodemque
1470 1679 1713 1745 tempore
1750 1676 1808 1728 in
1839 1685 1894 1726 86

127 1767 190 1803 eo
238 1749 379 1818 loce,
426 1748 519 1802 ubi
564 1747 836 1802 Fortunae
880 1767 1021 1802 nunc
1069 1752 1153 1801 est
1199 1749 1379 1818 aedeS,
1425 1749 1532 1802 mel
1580 1767 1643 1802 ex
1691 1749 1810 1803 olea

1824 388 1895 493 a

127 1822 343 1876 fluxisse
374 1821 572 1890 dicunt,
603 1821 1024 1892 haruspicesque
1057 1822 1254 1876 dixisse
1287 1841 1498 1876 summa
1519 1823 1808 1876 nobilitate

126 1897 251 1950 illas
282 1896 447 1950 sortis
478 1895 706 1965 futuraS,
747 1914 1037 1965 eorumque
1069 1896 1219 1950 iussu
1252 1915 1315 1950 ex
1345 1897 1443 1949 illa
1475 1897 1595 1950 olea
1626 1915 1806 1951 arcam

128 1988 244 2024 esse
280 1969 497 2040 factam,
537 1988 705 2039 eoque
744 1970 988 2023 conditas
1029 1971 1208 2040 sortiS,
1249 1989 1384 2039 quae
1422 1971 1581 2024 hodie
1619 1969 1809 2024 Fortu·

64 2058 106 2092 2⁵
129 2061 230 2098 nae
270 2043 479 2097 monitu
516 2043 799 2096 tolluntur.
869 2042 1007 2104 Quid
1044 2043 1214 2114 igitur
1252 2044 1310 2096 in
1347 2043 1431 2097 his
1470 2047 1653 2114 potest
1692 2062 1808 2098 esse

128 2116 284 2186 certi,
338 2135 475 2186 quae
519 2115 791 2170 Fortunae
846 2117 1055 2169 monitu
1108 2117 1261 2187 pueri
1306 2136 1470 2170 manu
1514 2117 1808 2171 miscentur

129 2194 293 2261 atque
330 2190 632 2244 ducuntur?
672 2208 776 2259 quo
809 2190 968 2243 modo
1002 2193 1182 2243 autem
1214 2191 1352 2244 istae
1382 2191 1592 2261 positae
1622 2191 1679 2243 in
1709 2192 1807 2246 illo

128 2264 286 2319 loco?
347 2263 468 2334 quis
527 2263 695 2317 robur
748 2263 884 2316 illud
938 2264 1150 2332 cecidit,
1212 2264 1439 2334 dolavit,
1495 2265 1806 2336 inscripsit?

128 2336 283 2392 Nihil
314 2340 413 2406 est,
443 2337 708 2407 inquiunt,
742 2337 883 2406 quod
915 2337 1043 2390 deus
1076 2337 1285 2391 efficere
1316 2357 1426 2392 non
1448 2339 1637 2409 possit.
1691 2338 1808 2393 Uti·

64 2425 108 2458 ³⁰
129 2430 258 2465 nam
296 2411 554 2482 sapientis
587 2409 796 2464 Stoicos
837 2410 1114 2479 effecisset,
1150 2430 1218 2464 ne
1258 2412 1439 2465 omnia
1474 2431 1594 2466 cum
1627 2431 1807 2482 super·

130 2484 347 2539 stitiosa
399 2484 760 2538 sollicitudine
816 2487 869 2537 et
923 2484 1138 2538 miseria
1190 2486 1491 2539 crederent!
1553 2484 1657 2539 Sed
1704 2487 1807 2540 hoc

131 2558 345 2629 quidem
377 2575 544 2628 genus
577 2557 923 2611 divinationis
954 2558 1069 2612 vita
1091 2559 1200 2612 iam
1229 2559 1527 2613 communis
1553 2559 1807 2630 explosit3

130 2632 244 2686 fani
265 2631 609 2702 pulchritudo
634 2634 689 2684 et
711 2634 955 2684 vetustas
980 2631 1454 2686 Praenestinarum
1479 2633 1644 2686 etiam
1666 2651 1807 2687 nunc

130 2706 329 2759 retinet
367 2705 594 2758 sortium
625 2722 836 2774 nomen,
874 2708 1036 2774 atque
1067 2706 1122 2758 id
1153 2706 1210 2759 in
1239 2707 1447 2777 volgus,
1502 2705 1632 2768 Quis
1665 2707 1807 2760 enim
1838 2715 1892 2757 87

65 2791 109 2826 ³⁵
131 2778 485 2850 magistratus
540 2781 635 2831 aut
688 2778 807 2847 quis
859 2778 944 2832 vir
986 2779 1269 2833 inlustrior
1313 2780 1485 2833 utitur
1533 2780 1806 2835 sortibus?

131 2852 324 2907 ceteris
370 2869 498 2905 vero
542 2851 601 2904 in
644 2851 778 2905 locis
825 2855 996 2906 sortes
1042 2853 1202 2922 plane
1240 2853 1579 2907 refrixerunt.
1655 2853 1808 2916 Quod

132 2925 461 2980 Carneadem
507 2923 877 2979 Clitomachus
930 2926 1120 2980 scribit
1170 2927 1343 2981 dicere
1390 2927 1633 2997 solitum,
1685 2946 1807 2980 nus-

1364 3013 1452 3057 15*
