2002 3178
116 789 170 828 44

118 2106 170 2146 45

121 2873 175 2913 46

202 144 308 197 268
896 142 976 187 DE
1007 141 1165 188 FATO

201 266 317 332 est,
394 263 792 317 extrinsecus
859 264 1066 333 pulsa,
1136 263 1298 332 quod
1365 263 1682 334 reliquum
1748 271 1867 330 est,

200 340 425 406 suapte
463 336 526 390 vi
564 339 627 389 et
662 340 895 389 natura
932 337 1310 390 movebitur.
1372 335 1612 399 Quodsi
1649 338 1868 408 aliqua

199 428 299 463 res
339 409 715 463 efficeretur
754 410 889 463 sine
928 428 1118 464 causa
1156 411 1594 481 antecedente,
1631 410 1867 464 falsum

202 486 372 536 esset
411 483 621 536 omnia
657 483 794 536 fato
832 483 1009 553 fieri,
1047 483 1149 536 sin
1179 483 1499 555 omnibus,
1537 502 1868 554 quaecum-

203 575 319 627 que
363 557 557 626 fiunt,
602 557 737 610 veri
784 557 994 610 simile
1041 560 1139 610 est
1176 574 1430 611 causam
1469 558 1866 628 antecedere,
1911 576 1931 610 ε

203 630 353 700 quid
391 630 634 684 adferri
671 631 940 700 poterit,
987 649 1095 684 cur
1132 649 1258 684 non
1295 631 1506 685 omnia
1540 631 1679 690 fato
1714 631 1868 686 fieri

200 704 531 758 fatendum
561 704 685 757 sit‘?
717 704 897 758 modo
929 704 1382 775 intellegatur,
1420 723 1578 774 quae
1610 704 1697 758 sit
1727 723 1868 760 cau·

202 796 412 831 sarum
464 777 803 831 distinctio
854 796 922 831 ac
972 778 1474 832 dissimilitudo.'
1547 778 1696 833 Haec
1747 797 1868 834 cum

199 851 279 904 ita
317 852 427 904 sint
465 870 498 904 a
532 850 834 921 Chrysippo
875 851 1156 921 explicata,
1195 851 1241 904 si
1277 852 1374 921 illi,
1413 851 1505 922 qui
1541 855 1758 924 negant
1781 853 1869 907 ad-

202 925 474 978 sensiones
518 924 633 978 fato
679 925 819 994 fieri,
864 924 902 993 †
932 925 1206 978 fateantur
1250 928 1434 978 tamen
1478 943 1567 979 eas
1606 944 1714 979 non
1753 925 1866 979 sine
1891 945 1932 977 ιο

200 998 316 1052 viso
350 998 694 1051 antecedente
724 997 856 1067 fieri,
894 998 1004 1051 alia
1033 998 1173 1051 ratio
1205 1001 1310 1068 est3
1349 999 1456 1068 sed,
1494 998 1542 1052 si
1572 999 1867 1053 concedunt

201 1072 404 1125 anteire
454 1072 587 1140 visa,
636 1090 733 1125 nec
778 1074 960 1125 tamen
1003 1071 1118 1125 fato
1157 1071 1275 1124 fieri
1313 1071 1676 1142 adsensioneS,
1726 1073 1868 1142 quod

200 1145 444 1215 proxima
492 1145 590 1198 illa
639 1148 693 1198 et
743 1145 1020 1198 continens
1067 1163 1228 1198 causa
1270 1163 1381 1198 non
1425 1148 1643 1199 moveat
1685 1145 1868 1199 adsen-

202 1219 428 1288 sionem,
473 1219 615 1288 vide,
659 1237 726 1272 ne
765 1218 906 1271 idem
946 1218 1138 1272 dicant.
1209 1217 1398 1288 Neque
1437 1218 1579 1272 enim
1618 1217 1868 1290 Chrysip-

200 1310 323 1362 puS,
370 1291 661 1346 concedens
700 1291 1032 1345 adsensionis
1071 1291 1373 1362 proximam
1412 1294 1467 1345 et
1504 1291 1867 1346 continentem
1890 1307 1932 1343 15

201 1384 417 1419 causam
471 1383 587 1419 esse
639 1365 697 1418 in
744 1365 860 1418 viso
906 1365 1163 1435 positam,
1219 1366 1432 1435 [neque]
1484 1383 1603 1419 eam
1651 1384 1868 1420 causam

201 1457 316 1492 esse
371 1439 439 1492 ad
491 1438 897 1492 adsentiendum
949 1438 1308 1492 necessariam
1360 1439 1634 1508 concedet,
1684 1442 1769 1508 ut,
1821 1439 1868 1492 si

202 1511 381 1565 omnia
431 1512 546 1566 fato
595 1512 752 1581 fiant,
807 1511 1007 1565 omnia*
1032 1511 1206 1565 causis
1251 1512 1388 1564 fiant
1433 1511 1866 1566 antecedentibus

201 1589 255 1638 et
305 1585 643 1654 necessariis3
695 1585 932 1654 itemque
985 1584 1091 1654 illi,
1146 1584 1238 1654 qui
1285 1585 1353 1638 ab
1398 1585 1501 1638 hoc
1546 1585 1868 1639 dissentiunt

201 1659 516 1713 confitentes
555 1677 663 1712 non
700 1658 817 1711 fieri
856 1658 1196 1711 adsensiones
1237 1657 1350 1711 sine
1388 1658 1764 1728 praecursione
1792 1659 1867 1713 vi·
1891 1676 1933 1708 πο

203 1750 405 1802 30111111,
460 1732 657 1801 dicent,
712 1732 758 1785 si
811 1732 991 1785 omnia
1034 1731 1149 1785 fato
1195 1732 1386 1784 fierent
1431 1731 1543 1785 01113
1588 1731 1755 1802 modi,
1806 1735 1869 1786 ut

199 1805 335 1858 nihil
366 1806 519 1859 fieret
548 1805 654 1859 nisi
682 1805 1089 1876 praegressione
1120 1823 1324 1873 causae,
1362 1805 1722 1859 confitendum
1753 1823 1868 1859 esse

200 1878 315 1931 fato
353 1879 471 1932 fieri
508 1879 709 1947 omnia3
749 1897 812 1931 ex
847 1896 951 1947 quo
983 1878 1140 1930 facile
1170 1878 1447 1931 intellectu
1478 1880 1578 1947 est,
1616 1878 1868 1948 quoniam

201 1952 414 2021 utrique
474 1951 747 2022 patefacta
800 1954 961 2020 atque
1016 1950 1281 2020 explicata
1333 1950 1600 2004 sententia
1651 1969 1750 2005 sua
1801 1952 1869 2006 ad

203 2026 426 2078 eundem
465 2026 665 2078 exitum
704 2024 945 2093 veniant,
990 2024 1167 2077 verbis
1208 2042 1322 2094 003,
1358 2042 1468 2078 11011
1504 2042 1562 2077 10
1599 2024 1867 2078 dissidere.
1890 2041 1933 2074 25

205 2098 539 2168 Omninoque
578 2117 698 2152 011111
735 2098 867 2151 11300
906 2097 978 2151 sit
1017 2097 1290 2151 distinctio
1298 2139 1314 2167 ,
1358 2100 1420 2151 ut
1457 2097 1775 2167 quibusdam
1811 2099 1868 2151 in

202 2173 361 2224 rebus
410 2190 534 2226 vere
581 2171 683 2225 dici
727 2171 923 2242 possit,
977 2189 1097 2224 cum
1141 2170 1243 2224 hae
1290 2188 1481 2224 causae
1527 2173 1868 2242 antegressae

205 2245 327 2314 sint,
365 2264 473 2298 non
511 2263 627 2299 esse
663 2245 722 2298 in
758 2247 946 2298 nostra
982 2247 1268 2314 potestate,
1307 2244 1436 2313 quin
1471 2243 1570 2297 illa
1606 2244 1868 2314 eveniant,

205 2337 431 2388 quorum
484 2337 673 2372 causae
725 2317 947 2386 fuerint,
1002 2317 1320 2386 quibusdam
1373 2319 1553 2370 autem
1605 2316 1662 2369 in
1707 2318 1867 2370 rebus

205 2392 379 2444 causis
419 2391 746 2462 antegressis
783 2391 841 2444 in
877 2392 1067 2444 nostra
1104 2393 1286 2443 tamen
1323 2407 1440 2442 esse
1477 2391 1769 2460 potestate,
1806 2393 1868 2443 ut
1890 2405 1933 2437 30

203 2465 338 2517 illud
393 2465 549 2518 aliter
603 2464 834 2533 eveniat,
887 2464 1026 2517 hanc
1079 2462 1475 2516 distinctionem
1521 2462 1734 2532 utrique
1781 2463 1867 2516 ad-

205 2538 453 2607 probant,
493 2538 585 2591 sed
617 2538 775 2591 alteri
806 2539 1039 2604 censent,
1079 2536 1271 2605 quibus
1301 2535 1359 2588 in
1387 2535 1565 2605 rebuS,
1601 2554 1720 2589 cum
1752 2554 1868 2589 cau-

207 2629 295 2662 sae
329 2611 727 2679 antecesserint,
760 2628 869 2663 non
901 2609 973 2662 sit
1001 2609 1059 2661 in
1088 2612 1275 2662 nostra
1304 2611 1588 2678 potestate,
1619 2612 1681 2661 ut
1712 2609 1870 2662 aliter

205 2683 303 2735 illa
352 2684 623 2752 eveniant,
677 2701 766 2736 eas
815 2682 930 2735 fato
979 2682 1118 2750 fieri3
1173 2700 1307 2751 quae
1358 2684 1538 2734 autem
1581 2681 1639 2734 in
1681 2686 1869 2736 nostra

206 2759 475 2823 potestate
514 2757 638 2825 sint,
677 2757 744 2808 ab
782 2755 850 2807 iis
887 2755 1061 2808 fatum
1101 2755 1312 2808 abesse.
1337 2795 1349 2806 .
1372 2793 1385 2806 .
1409 2795 1421 2807 .
1889 2767 1931 2800 ³⁵

317 2827 434 2881 Hoc
484 2829 640 2881 modo
691 2828 829 2881 hanc
882 2846 1097 2881 causam
1147 2825 1434 2896 disceptari
1479 2828 1715 2896 oportet,
1761 2844 1871 2879 non

209 2901 276 2953 ab
324 2901 518 2953 atomis
566 2901 867 2954 errantibus
914 2903 970 2953 et
1014 2900 1078 2953 de
1123 2900 1211 2954 via
1256 2899 1645 2953 declinantibus
1689 2901 1869 2968 petere
