2002 3178
548 153 730 201 LIB.1.
772 153 1187 210 cAP.15—17.§
1219 158 1407 200 «ιε-33.
1710 152 1811 205 157

136 273 406 350 Crassum,
445 274 575 345 quid
612 278 929 329 eventurum
959 278 1116 346 esset,
1152 274 1260 329 nisi
1291 274 1536 329 cavisset.
1603 273 1691 327 Ita
1722 276 1817 327 aut

134 349 236 405 illa
271 317 612 404 obnuntiatio
650 349 788 403 nihil
819 348 993 403 valuit
1023 351 1133 419 aut,
1172 349 1234 419 si,
1273 351 1334 402 ut
1357 348 1568 433 Appius
1599 347 1817 416 iudicat,

134 423 332 493 valuit,
367 422 425 477 id
460 422 652 493 valuit,
689 427 752 477 ut
787 426 1068 494 peccatum
1105 391 1328 476 liaereat
1363 440 1474 476 non
1511 422 1569 475 in
1607 440 1686 492 eo,
1725 421 1818 491 qui

136 496 422 566 monuerit,
460 496 554 550 sed
590 496 650 551 in
686 514 767 567 eo,
806 497 899 567 qui
936 515 1046 551 non
1085 495 1491 567 obtemperarit.

91 585 114 619 ὁ
247 568 423 633 Quid?
460 570 630 624 lituus
666 570 773 624 iste
810 573 1003 640 vester,
1043 570 1186 640 quod
1217 569 1596 624 clarissumum
1627 572 1710 622 est
1740 568 1817 622 in-

137 643 291 716 signe
329 647 642 716 auguratus,
678 644 818 698 unde
855 643 1012 698 vobis
1052 647 1136 698 est
1172 644 1444 697 traditus?
1505 642 1714 713 Nempe
1754 660 1817 697 eo

135 717 400 772 Romulus
445 718 696 790 regiones
742 718 938 772 direxit
981 721 1121 788 tum,
1167 736 1286 772 cum
1334 717 1524 771 urbem
1565 715 1845 771 condidit.²⁵

137 790 241 855 Qui
279 791 495 862 quidem
524 791 746 846 Romuli
783 792 968 861 lituuS,
1004 791 1061 845 id
1099 794 1184 846 est
1220 791 1501 845 incurvum
1539 794 1594 845 et
1624 784 1852 845 leviter

136 883 170 919 a
207 883 419 919 summo
457 865 713 919 inflexum
750 866 1033 935 bacillum,
1080 865 1224 936 quod
1263 865 1332 918 ab
1372 865 1486 919 eius
1525 864 1670 934 litui,
1711 879 1860 939 quo

71 953 113 986 1⁰
135 938 371 1024 canitur,
416 938 769 993 similitudine
813 957 1012 992 nomen
1055 939 1284 1008 invenit,
1329 956 1452 993 cum
1497 939 1635 992 situs
1675 938 1862 992 esset

134 1012 192 1066 in
237 1012 387 1067 curia
423 1010 717 1083 Saliorum,
764 1031 901 1083 quae
948 1015 1032 1066 est
1068 1012 1127 1066 in
1163 1012 1402 1080 Palatio,
1454 1030 1621 1082 eaque
1661 1012 1819 1066 defla-

1826 572 1902 696 ,12

137 1085 426 1158 gravisset,
470 1086 722 1141 inventus
769 1090 853 1140 est
896 1086 1123 1158 integer.
1200 1085 1376 1149 Quid?
1424 1087 1612 1140 multis
1661 1087 1816 1140 annis
1848 1098 1902 1139 31

135 1162 263 1231 post
304 1160 595 1214 Romulum
633 1160 819 1215 Prisco
866 1164 1128 1231 regnante
1167 1160 1461 1230 Tarquinio
1510 1161 1630 1231 quis
1678 1164 1819 1214 vete·

134 1252 255 1287 rum
294 1234 619 1305 scriptorum
655 1253 767 1288 non
804 1235 1060 1304 loquitur,
1099 1253 1236 1304 quae
1267 1234 1340 1287 sit
1371 1235 1440 1288 ab
1473 1235 1608 1288 Atto
1640 1234 1817 1288 Navio

71 1321 112 1356 15
135 1326 234 1379 per
263 1308 461 1362 lituum
483 1309 766 1380 regionum
788 1307 937 1362 facta
960 1308 1278 1378 discriptio?
1323 1307 1427 1370 Qui
1451 1327 1572 1362 cum
1596 1312 1819 1379 propter

133 1384 510 1454 paupertatem
563 1399 686 1436 sues
740 1401 874 1453 puer
918 1385 1187 1453 pasceret,
1240 1401 1349 1435 una
1395 1401 1457 1435 ex
1504 1383 1571 1436 iis
1619 1383 1847 1436 amissa

134 1455 347 1511 vovisse
385 1455 596 1526 dicitur,
635 1455 683 1510 si
713 1459 1099 1527 recuperasset,
1136 1474 1298 1509 uvam
1331 1474 1387 1509 se
1421 1456 1517 1510 deo
1551 1457 1818 1526 daturum,

136 1547 273 1599 quae
317 1530 554 1584 maxima
599 1533 744 1584 esset
787 1530 846 1583 in
890 1529 1070 1599 vinea3
1115 1530 1300 1600 itaque
1347 1548 1441 1583 sue
1488 1530 1712 1584 inventa
1751 1531 1819 1584 ad

134 1603 413 1657 meridiem
461 1606 711 1675 spectans
749 1603 808 1657 in
844 1603 1004 1657 vinea
1041 1604 1218 1657 media
1258 1603 1453 1658 dicitur
1491 1605 1818 1674 constitisse,

69 1691 111 1724 20
135 1695 362 1748 cumque
405 1677 465 1731 in
510 1681 768 1748 quattuor
811 1677 986 1748 partis
1031 1678 1246 1731 vineam
1292 1677 1566 1732 divisisset
1611 1679 1818 1748 trisque

134 1751 307 1822 partis
347 1769 473 1805 aves
513 1751 867 1821 abdixissent,
915 1754 1109 1821 quarta
1145 1754 1326 1822 parte,
1366 1769 1502 1822 quae
1542 1755 1660 1806 erat
1697 1753 1818 1806 reli-

135 1843 256 1895 qua,
286 1824 345 1879 in
373 1825 625 1897 regiones
657 1824 949 1879 distributa
979 1826 1218 1879 mirabili
1242 1826 1616 1898 magnitudine
1639 1845 1816 1896 uvam,

134 1901 196 1952 ut
233 1898 495 1970 scriptum
531 1899 798 1970 videmus,
835 1899 1056 1954 invenit.
1131 1898 1250 1962 Qua
1286 1918 1345 1953 re
1384 1901 1659 1954 celebrata
1696 1919 1817 1955 cum

133 1971 297 2027 vicini
334 1990 522 2027 omnes
561 1974 630 2027 ad
668 1991 790 2026 eum
829 1973 894 2027 de
933 1974 1095 2027 rebus
1134 1973 1245 2027 suis
1285 1973 1562 2044 referrent,
1606 1977 1723 2028 erat
1761 1975 1818 2028 in

67 2059 110 2092 ²5
134 2063 333 2118 magno
370 2046 589 2100 nomine
628 2050 683 2100 et
722 2047 914 2118 gloria.
973 2047 1059 2102 Ex
1091 2065 1196 2117 quo
1227 2046 1433 2102 factum
1466 2051 1564 2118 est,
1601 2051 1664 2101 ut
1695 2067 1816 2102 eum

134 2119 203 2173 ad
247 2137 306 2174 se
351 2137 445 2173 rex
489 2119 707 2174 Priscus
753 2123 1061 2174 arcesseret.
1139 2119 1304 2175 Cuius
1351 2140 1472 2176 cum
1518 2125 1818 2193 temptaret

133 2193 414 2248 scientiam
453 2197 766 2265 auguratus,
805 2194 942 2247 dixit
980 2194 1030 2248 ei
1067 2195 1309 2266 cogitare
1348 2213 1406 2250 se
1446 2195 1724 2266 quiddam3
1761 2197 1818 2251 id

132 2269 386 2338 possetne
422 2268 561 2338 fieri,
608 2267 894 2322 consuluit.
969 2266 1072 2321 Ille
1112 2268 1339 2340 augurio
1379 2272 1501 2324 acto
1540 2288 1700 2340 posse
1738 2289 1817 2324 re·

133 2340 365 2412 spondit.
439 2341 768 2412 Tarquinius
815 2345 998 2396 autem
1044 2341 1180 2396 dixit
1226 2361 1283 2397 se
1321 2343 1600 2428 cogitasse
1640 2348 1816 2399 cotem

68 2426 110 2460 ³0
131 2415 397 2469 novacula
425 2433 586 2487 posse
616 2415 868 2500 praecidi.
928 2414 1067 2470 Tum
1091 2416 1331 2470 Attum
1316 2418 1539 2471 1ussisse
1571 2418 1816 2488 experiri.

131 2487 220 2542 Ita
257 2491 434 2543 cotem
470 2489 530 2542 in
565 2489 846 2544 comitium
885 2490 1112 2544 allatam
1143 2490 1481 2561 inspectante
1514 2494 1570 2545 et
1599 2509 1728 2564 rege
1761 2496 1817 2547 et

131 2562 334 2633 populo
371 2563 638 2617 novacula
675 2581 794 2617 esse
832 2563 1020 2618 disciss
998 2582 1128 2618 s.am
1203 2563 1287 2618 Ex
1327 2583 1389 2619 eo
1429 2565 1624 2635 evenit,
1662 2569 1724 2619 ut
1762 2570 1817 2619 et

132 2635 455 2707 Tarquinius
494 2654 697 2709 augure
729 2637 864 2691 Atto
896 2636 1073 2692 Navio
1111 2640 1356 2692 uteretur
1393 2640 1450 2692 et
1486 2640 1720 2710 populus
1752 2640 1817 2695 de

1849 2061 1903 2100 32

132 2709 244 2763 suis
292 2710 454 2764 rebus
505 2711 574 2764 ad
622 2729 744 2764 eum
790 2711 1028 2765 referret.
1105 2710 1296 2766 Cotem
1343 2715 1524 2766 autem
1569 2713 1722 2767 illam
1762 2719 1816 2767 et
1847 2725 1900 2765 33

67 2795 108 2830 ⁸⁵
130 2784 452 2838 novaculam
505 2784 776 2839 defossam
827 2785 905 2844 ιιι
934 2785 1155 2840 comitio
1204 2803 1472 2856 supraque
1516 2786 1815 2857 inpositum

130 2858 312 2927 puteal
354 2858 671 2929 accepimus.
746 2857 1023 2929 Negemus
1062 2858 1267 2927 omnia,
1306 2860 1685 2915 comburamus
1725 2880 1815 2915 an-

128 2930 297 2998 nales,
333 2931 462 2985 ficta
498 2932 632 2987 haec
670 2949 786 2986 esse
826 2932 1081 3004 dicamus,
1119 2933 1331 3003 quidvis
1371 2933 1599 3003 denique
1629 2935 1813 3004 potius
