2002 3178
43 1160 83 1193 10

43 1677 85 1712 15

41 2123 85 2157 20

511 136 625 182 ΜΒ.
659 137 692 180 1.
735 136 861 182 CAP.
896 142 1086 183 11—13.
1125 141 1151 191 5
1185 141 1371 200 18-22.
1676 137 1778 190 153

104 302 106 304 .
178 256 526 326 Tum-quis
579 275 702 311 non
750 257 916 311 artis
963 257 1214 328 scripta
1258 276 1329 311 ac
1375 260 1783 311 monumenta

1333 332 1635 385 volutans

177 402 383 459 Voces
413 403 771 459 tristificas
803 404 1051 460 chartis
1081 405 1420 476 promebat
1448 404 1782 459 Etruscis?

178 476 406 551 Omnes
452 477 710 533 civilem
757 496 1072 551 generosa
1108 496 1144 532 a
1182 479 1387 550 stirpe
1424 478 1782 549 profectam

176 549 404 606 Vitare
425 551 754 623 ingentem
778 553 1021 607 cladem
1044 555 1418 623 pestemque
1441 553 1785 607 monebant

177 623 298 680 Vel
335 626 552 698 legum
590 626 858 680 exitium
897 626 1227 681 constanti
1265 645 1417 681 voce
1454 627 1755 681 ferebant

180 697 444 771 Templa
510 698 818 770 deumque
880 700 1032 754 adeo
1093 700 1379 755 flammis
1439 701 1785 771 urbemque

1325 774 1638 828 iubebant

178 846 448 918 Eripere
509 850 573 901 et
627 851 915 920 stragem
967 848 1351 902 horribilem
1406 849 1785 919 caedemque

1404 941 1639 992 vereru

178 993 390 1064 Atque
421 994 578 1049 haec
606 994 746 1048 fixa
778 995 961 1066 gravi
991 995 1129 1049 fato
1162 1014 1231 1050 ac
1261 995 1531 1049 fundata
1553 996 1785 1066 teneri,

178 1065 260 1121 Ni
289 1067 470 1138 prius
495 1069 813 1123 excelsum
838 1069 913 1122 ad
938 1069 1234 1123 columen
1255 1069 1536 1124 formata
1560 1070 1786 1124 decore

180 1138 415 1196 Sancta
436 1141 613 1197 Iovis
638 1143 888 1214 species
913 1143 1126 1197 claros
1152 1147 1478 1214 spectaret
1501 1144 1565 1197 in
1590 1147 1784 1198 ortuS.

179 1214 333 1270 Tum
392 1215 530 1271 fore
589 1220 660 1270 ut
720 1218 1011 1272 occultos
1064 1218 1340 1289 populus
1397 1221 1786 1288 sanctusque

1368 1295 1640 1346 senatus

179 1361 454 1418 Cernere
491 1368 761 1420 conatus
799 1368 1047 1437 posset,
1088 1365 1143 1419 si
1181 1366 1342 1420 solis
1383 1365 1458 1421 ad
1497 1369 1706 1420 ortum

180 1435 505 1493 Conversa
555 1439 702 1493 inde
753 1443 1010 1511 patrum
1060 1440 1242 1494 sedes
1291 1440 1646 1512 populique
1699 1440 1788 1495 vi-

1447 1514 1639 1568 deret

179 1583 351 1640 Haec
386 1586 648 1641 tardata
686 1587 791 1642 diu
822 1588 1075 1659 species
1107 1588 1505 1659 multumque
1537 1591 1787 1643 morata
1818 1601 1869 1642 21

182 1657 460 1715 Consule
505 1663 568 1714 te
612 1661 868 1716 tandem
914 1663 1088 1717 celsa
1126 1665 1224 1717 est
1260 1662 1326 1716 in
1364 1662 1509 1717 sede
1548 1663 1786 1734 locata,

180 1733 394 1804 Atque
431 1752 555 1789 una
591 1734 712 1788 fixi
750 1754 819 1791 ac
858 1736 1106 1808 signati
1144 1736 1458 1807 temporis
1496 1737 1655 1791 hora

180 1805 477 1879 Iuppiter
516 1810 772 1864 excelsa
810 1810 1105 1865 clarabat
1145 1814 1403 1881 sceptra
1440 1812 1756 1882 columna,

180 1881 262 1937 Et
300 1881 516 1936 clades
553 1884 806 1954 patriae
843 1884 1106 1939 flamma
1142 1885 1445 1955 ferroque
1482 1889 1715 1956 parata
1884 1914 1891 1978 ι

180 1954 466 2010 Vocibus
533 1957 965 2030 Allobrogum
1041 1958 1343 2030 patribus
1419 1959 1787 2031 populoque
1887 1980 1891 2028 ξ

181 2103 330 2158 Rite
374 2104 582 2176 igitur
618 2108 895 2176 vetereS,
943 2124 1210 2176 quorum
1248 2034 1659 2191 ῐηοὲιῗξῃθξῐῗὲᾆ
1695 2110 1785 2162 te·
1806 2110 1872 2164 13

181 2250 300 2316 Qui
335 2252 612 2324 populos
649 2254 960 2324 urbisque
998 2254 1180 2309 modo
1220 2273 1290 2310 ac
1327 2184 1788 2383 virzetssdzrege·

1508 2347 1584 2383 an
1626 2371 1640 2399 ,

180 2399 330 2455 Rite
361 2399 556 2455 etiam
578 2402 806 2472 vestri,
839 2420 1103 2472 quorum
1127 2403 1469 2474 pietasque
1492 2403 1788 2473 fidesque

181 2473 532 2528 Praestitit
570 2478 633 2529 et
669 2475 863 2548 longe
901 2476 1060 2531 vicit
1100 2476 1425 2547 sapientia
1463 2481 1750 2548 cunctw,

180 2547 533 2618 Praecipue
572 2549 828 2604 coluere
866 2550 1118 2623 vigenti
1155 2551 1410 2605 numine
1450 2551 1646 2605 divos,

180 2622 354 2678 Haec
391 2621 545 2676 adeo
583 2623 843 2694 penitus
882 2643 1032 2680 cura
1068 2625 1284 2680 videre
1324 2625 1566 2697 sagaci,

181 2696 332 2753 Otia
369 2696 477 2767 qui
516 2697 754 2752 studiis
792 2698 953 2752 laeti
991 2702 1255 2753 tenuere
1294 2699 1564 2769 decorIS,

178 2771 381 2843 Inque
419 2770 764 2826 Academia
809 2773 1164 2827 umbrifera
1201 2773 1539 2843 nitidoque
1577 2772 1783 2843 Lyceo
1817 2786 1885 2824 22·

179 2845 508 2901 Fuderunt
545 2846 759 2901 claras
798 2847 1053 2902 fecundi
1091 2847 1376 2918 pectoris
1417 2846 1595 2901 artis.

180 2920 230 2975 E
261 2920 492 2990 quibus
524 2924 814 2991 ereptum
844 2921 1050 2991 primo
1081 2921 1207 2975 iam
1239 2940 1270 2974 a
1293 2921 1460 2975 flore
1484 2922 1786 2976 iuventae
