2002 3178
215 169 321 221 228
796 167 877 212 DE
907 165 1311 212 DIVINATIONE

216 308 377 358 quam
422 306 478 341 se
523 287 938 341 fortunatiorem
985 305 1148 356 quam
1183 286 1474 340 Praeneste
1522 285 1720 341 vidisse
1756 286 1882 342 For·

213 366 415 415 tunam.
488 361 636 430 Ergo
675 361 779 414 hoc
818 360 1163 414 divinationis
1203 378 1371 431 genus
1410 360 1739 415 omittamus·

127 437 197 490 42
323 435 410 487 Ad
463 433 856 487 Chaldaeorum
909 436 1155 486 monstra
1206 433 1506 503 veniamus;
1569 434 1634 488 de
1687 434 1882 504 quibus

213 508 487 577 Eudoxus,
532 507 778 560 Platonis
818 507 1052 575 auditor,
1097 507 1156 559 in
1193 507 1494 578 astrologia
1529 506 1724 562 iudicio
1763 507 1882 563 (100·

213 582 547 634 tissimorum
585 581 864 634 hominum
900 580 1059 634 facile
1098 580 1368 650 princeps,
1407 581 1486 634 sic
1523 581 1790 651 opinatur,
1825 581 1882 635 id
1926 596 1949 629 ⁵

215 655 357 724 quod
402 655 661 724 scriptum
707 654 950 723 reliquit,
1004 652 1289 707 Chaldaeis
1334 653 1392 707 in
1428 654 1791 738 praedictione
1828 657 1885 708 et

212 729 271 781 in
306 728 583 781 notatione
623 728 876 796 cuiusque
914 727 1058 781 vitae
1098 745 1161 780 ex
1195 727 1370 780 natali
1400 727 1485 781 die
1514 727 1736 781 minime
1767 745 1884 783 esse

127 813 181 852 88
215 802 547 855 credendum.
626 800 888 854 Nominat
938 801 1101 853 etiam
1154 799 1468 870 Panaetius,
1522 801 1614 870 qui
1664 819 1802 857 unus
1852 819 1884 855 e

215 873 410 928 Stoicis
459 875 859 945 astrologorum
903 874 1178 944 praedicta
1215 874 1421 943 reiecit,
1466 872 1793 928 Anchialum
1830 877 1885 930 et

215 947 596 1017 Cassandrum,
655 965 892 1000 summos
948 948 1252 1017 astrologos
1305 947 1451 1000 illius
1507 948 1724 1017 aetatis,
1777 965 1884 1016 (1113
1906 964 1950 997 ιο

215 1025 332 1075 erat
370 1022 501 1091 ipse,
539 1040 659 1075 cum
697 1021 754 1074 in
791 1021 982 1074 ceteris
1023 1021 1352 1091 astrologiae
1385 1021 1634 1091 partibus
1666 1021 1884 1075 excelle-

214 1098 348 1163 rent,
386 1095 487 1148 hoc
523 1094 907 1165 praedictionis
948 1112 1141 1164 genere
1177 1112 1287 1148 non
1316 1111 1457 1147 11808.
1495 1092 1705 1178 Scylax
1734 1093 1884 1149 Hali·

215 1168 530 1237 031113881118,
567 1167 852 1221 familiaris
889 1167 1150 1236 Panaetii,
1189 1167 1452 1221 excellens
1490 1167 1550 1221 in
1585 1167 1885 1238 astrologia

213 1242 459 1310 idemque
495 1241 554 1294 in
591 1241 824 1312 regenda
862 1259 960 1294 sua
997 1241 1214 1294 civitate
1251 1240 1522 1310 princeps,
1566 1243 1744 1295 totum
1781 1240 1884 1296 hoc

127 1326 182 1366 89
217 1314 566 1368 Chaldaicum
604 1314 943 1397 praedicendi
982 1332 1150 1384 genus
1188 1314 1505 1397 repudiavit.
1564 1311 1669 1368 Sed
1703 1316 1766 1367 ut
1802 1331 1884 1369 ra·
1906 1329 1950 1363 ιδ

215 1389 360 1442 tione
397 1391 615 1441 utamur
654 1387 867 1441 omissis
907 1388 1139 1440 testibus
1147 1429 1162 1456 ,
1200 1387 1276 1440 sic
1314 1387 1408 1440 isti
1445 1387 1746 1457 disputant,
1792 1387 1884 1456 (1111

214 1462 346 1515 haec
378 1460 771 1515 Chaldaeorum
808 1461 1064 1514 natalicia
1100 1460 1375 1530 praedicta
1409 1460 1719 1514 defendunt:
1757 1459 1884 1516 Vim

217 1535 485 1604 quandam
540 1553 656 1587 esse
711 1534 861 1588 aiunt
915 1534 1172 1605 signifero
1225 1534 1284 1586 in
1335 1533 1485 1603 orbe,
1539 1533 1631 1603 qui
1683 1531 1883 1588 Graece

217 1606 478 1672 ζωδιακός
528 1608 744 1676 dicitur,
793 1609 981 1676 talem,
1033 1610 1095 1660 ut
1140 1607 1253 1660 eius
1299 1606 1446 1660 orbis
1490 1624 1598 1660 una
1642 1624 1882 1676 quaeque

213 1700 339 1751 pars
379 1682 488 1734 alia
526 1682 633 1734 alio
673 1681 831 1735 modo
871 1684 1087 1734 moveat
1123 1680 1459 1749 inmutetque
1497 1680 1726 1749 caelum,
1766 1698 1882 1750 per-
1905 1695 1948 1728 so

213 1755 335 1807 inde
381 1758 442 1807 ut
487 1773 728 1824 quaeque
774 1755 964 1807 stellae
1009 1754 1066 1807 in
1110 1754 1196 1806 his
1234 1753 1600 1822 finitumisque
1637 1753 1882 1824 partibus

215 1829 325 1881 sint
374 1846 583 1896 quoque
632 1831 896 1897 tempore,
946 1845 1168 1896 eamque
1217 1827 1328 1879 vim
1372 1826 1519 1880 varie
1563 1826 1769 1880 moveri
1813 1826 1882 1880 ab

215 1902 281 1953 iis
328 1901 590 1953 sideribus
598 1942 613 1970 ,
660 1919 795 1970 quae
840 1903 1101 1954 vocantur
1147 1899 1404 1968 errantia3
1449 1917 1571 1953 cum
1609 1902 1789 1953 autem
1826 1899 1884 1952 in

217 1993 334 2026 eam
380 1974 554 2043 ipsam
600 1977 812 2043 partem
858 1973 1003 2026 orbis
1049 1973 1313 2041 venerint,
1360 1972 1419 2026 in
1464 1990 1570 2041 qua
1614 1972 1688 2026 sit
1731 1974 1881 2027 ortus

217 2048 344 2116 01118,
384 2048 476 2116 (1111
512 2051 787 2116 nascatur,
834 2050 929 2100 aut
965 2047 1023 2099 in
1060 2065 1201 2116 eam,
1240 2063 1374 2115 quae
1413 2045 1752 2099 coniunctum
1790 2044 1883 2099 ali·
1905 2059 1948 2094 2⁶

219 2121 344 2189 quid
382 2121 583 2173 habeat
621 2124 716 2174 aut
754 2120 1107 2189 consentienS,
1145 2137 1209 2173 ea
1245 2119 1522 2190 triangula
1557 2118 1642 2172 illi
1671 2121 1728 2171 et
1757 2137 1882 2187 qua-

218 2195 372 2247 drata
393 2194 689 2247 nominant.
740 2193 959 2247 Etenim
983 2212 1104 2247 cum
1126 2192 1165 2260 †
1180 2195 1422 2262 tempore
1446 2191 1574 2246 anni
1595 2194 1883 2260 tempestar-

216 2270 437 2336 tumque
490 2268 624 2321 caeli
674 2267 1047 2321 conversiones
1101 2265 1650 2334 commutationesque
1698 2267 1883 2318 tantae

216 2340 350 2392 fiant
388 2358 603 2393 accessu
641 2341 921 2393 stellarum
961 2342 1016 2392 et
1052 2357 1278 2408 recessu,
1317 2355 1543 2406 cumque
1573 2355 1636 2392 ea
1665 2337 1721 2391 vi
1751 2337 1881 2393 80118

218 2413 539 2482 efficiantur,
578 2431 713 2482 quae
750 2413 991 2466 videmus
999 2454 1014 2481 ,
1051 2430 1160 2465 non
1196 2410 1311 2465 veri
1349 2410 1524 2464 simile
1561 2410 1752 2480 solum,
1790 2409 1883 2465 sed
1904 2424 1948 2457 ω

217 2486 380 2538 etiam
403 2505 590 2539 verum
613 2504 729 2539 esse
753 2489 972 2539 censent
993 2485 1226 2567 perinde,
1249 2487 1537 2553 utcumque
1551 2485 1882 2553 temperatus

218 2559 289 2610 sit
328 2564 433 2627 aer,
471 2560 551 2612 ita
586 2577 781 2629 pueros
821 2559 1042 2612 orientis
1083 2557 1310 2611 animari
1347 2560 1509 2626 atque
1541 2556 1782 2624 formari,
1818 2574 1880 2611 ex

219 2650 385 2700 eoque
415 2633 646 2715 ingenia,
683 2650 876 2700 1110108,
908 2632 1158 2699 animum,
1189 2648 1397 2700 corpus,
1429 2629 1694 2684 actionem
1723 2629 1882 2697 vitae,

130 2679 199 2781 ἐξ
218 2722 370 2757 038118
419 2706 672 2774 cuiusque
718 2708 1044 2787 eventusque
1090 2673 1237 2774 fi1'1gi.
1312 2702 1356 2757 Ο
1399 2701 1769 2756 delirationem
1806 2702 1882 2755 in·

218 2777 548 2830 credibilem!
600 2797 710 2831 non
763 2779 908 2830 enim
960 2777 1134 2830 omnis
1189 2793 1337 2829 error
1382 2774 1617 2828 stultitia
1662 2774 1881 2828 dicenda
1902 2786 1946 2822 ⁸⁶

218 2852 314 2901 est.
383 2848 586 2910 Quibus
627 2851 789 2903 etiam
826 2850 1097 2919 Diogenes
1137 2847 1348 2902 Stoicus
1386 2847 1627 2901 concedit
1664 2846 1882 2915 aliquid,

218 2924 279 2973 ut
308 2922 612 2989 praedicere
643 2924 855 2991 possint
887 2923 1179 2991 dumtaxat,
1223 2920 1397 2990 qualis
1429 2920 1651 2989 quisque
1686 2923 1882 2974 natura
