2002 3178
519 121 633 167 ΗΒ.
667 122 701 170 Ι.
742 121 868 168 ΟΑΡ.
900 126 1089 168 28—30.
1121 127 1147 177 ς
1179 126 1368 168 59—64.
1687 123 1792 176 169

111 246 536 313 saturataque
574 240 886 297 bonarum
916 242 1393 314 cogitationum
1426 242 1657 313 epulis,
1697 262 1793 296 ea-

111 335 229 388 que
281 319 466 388 parte
522 317 742 386 animi,
795 334 955 387 quae
1008 317 1350 387 voluptate
1405 317 1627 387 alitur,
1679 335 1792 370 nec

109 392 330 461 inopia
374 393 599 445 enecta
642 409 755 444 nec
802 390 1113 444 satietate
1153 391 1464 444 affluenti
1503 388 1792 461 (quorum

110 469 446 534 utrumque
504 464 996 535 praestringere
1058 464 1257 518 aciem
1314 464 1548 518 mentis
1602 465 1792 533 solet,

65 539 246 593 ssive
291 538 472 592 deest
516 541 788 592 naturae
836 537 1164 608 quippiam
1203 538 1339 592 sive
1379 538 1662 592 abundat
1701 541 1793 591 at-

110 630 227 683 que
274 609 553 683 affluit),
600 611 722 665 illa
767 613 960 666 etiam
1005 612 1206 666 tertia
1243 615 1428 683 parte
1468 612 1685 682 animi,
1730 612 1795 665 in

111 705 233 757 qua
290 685 532 740 irarum
593 685 823 739 existit
883 685 1093 756 ardor,
1162 686 1387 740 sedata
1447 689 1640 755 atque
1701 704 1793 739 re·

111 761 376 830 stincta,
424 762 558 814 tum
603 759 857 813 eveniet
902 759 1148 813 duabus
1189 760 1385 813 animi
1423 759 1793 814 temerariis

108 833 412 904 partibus
450 833 863 903 compressis,
901 836 972 887 ut
1007 833 1126 887 illa
1163 833 1365 887 tertia
1402 852 1554 903 pars
1591 834 1793 887 ratio-

47 907 209 960 mnis
259 909 322 960 et
370 906 604 960 mentis
655 906 910 960 eluceat
959 909 1024 960 et
1072 924 1137 960 se
1183 910 1479 978 vegetam
1520 908 1596 961 ad
1634 926 1794 961 som-

108 979 412 1034 niandum
450 998 785 1050 acremque
815 980 1150 1050 praebeat,
1190 983 1321 1034 tum
1365 981 1422 1035 ei
1452 981 1591 1035 visa
1622 982 1794 1051 quie·

109 1053 199 1108 tis
245 1056 586 1109 occurrent
630 1054 993 1124 tranquilla
1039 1057 1231 1125 atque
1276 1054 1568 1109 veracia?
1644 1054 1795 1110 Haec

110 1127 278 1183 verba
313 1127 435 1199 ipsa
471 1127 719 1182 Platonis
758 1127 1011 1198 expressi.

220 1200 517 1272 Epicurum
562 1201 734 1273 igitur
780 1202 1056 1256 audiemus
1095 1202 1316 1273 potius?
1377 1201 1628 1273 Namque
1668 1201 1794 1257 Car-
1813 1188 1883 1242 30

46 1292 88 1326 15
109 1275 307 1329 neades
367 1274 783 1330 concertationis
838 1276 1018 1330 studio
1065 1277 1224 1331 modo
1270 1276 1399 1347 hoc,
1452 1278 1612 1331 modo
1659 1277 1795 1331 illud

112 1349 213 1420 ait3
249 1349 375 1434 isse,-
397 1349 540 1419 quod
578 1349 769 1419 sentit3
808 1350 975 1403 sentit
1014 1353 1196 1404 autem
1233 1351 1372 1403 nihil
1404 1370 1661 1421 umquam
1694 1352 1793 1405 ele-

111 1421 1795 1569 &033²ssqffl‘i03ffiffi013ffi005{Zdfflssfissnsszssffissssffi

111 1573 296 1625 tamen
332 1570 435 1635 hos
473 1571 714 1625 minutos
752 1571 1109 1642 philosophos
1148 1572 1439 1626 vincerent.
1500 1572 1659 1627 Iubet
1696 1574 1795 1645 igi-

45 1661 89 1695 20
110 1647 201 1698 tur
229 1644 390 1700 Plato
421 1644 499 1700 sic
529 1644 598 1698 ad
628 1662 877 1698 somnum
907 1646 1176 1716 proficisci
1206 1647 1523 1717 corporibus
1555 1647 1795 1718 adfectiS,

110 1721 173 1772 ut
209 1717 347 1772 nihil
387 1717 481 1788 sit,
533 1718 676 1788 quod
714 1737 950 1773 errorem
990 1719 1184 1774 animis
1223 1721 1795 1792 perturbationemque

110 1790 334 1847 adferat.
407 1791 492 1846 Ex
543 1811 648 1862 quo
700 1792 863 1846 etiam
909 1791 1259 1866 Pythagoriis
1309 1795 1656 1850 interdictum
1701 1815 1795 1867 pu-

109 1868 281 1937 tatur,
332 1883 401 1924 ne
452 1865 584 1920 faba
635 1870 1000 1937 vescerentur,
1056 1868 1200 1938 quod
1248 1868 1416 1923 habet
1459 1869 1795 1924 inflationem

110 1957 367 2012 magnam
403 1938 453 1994 is
491 1939 641 1995 cibus
680 1941 1071 2011 tranquillitati
1109 1942 1307 1997 mentis
1349 1944 1630 2013 quaerenti
1667 1963 1796 1998 vera

45 2029 88 2064 ιο
110 2013 455 2069 contrariam.
530 2011 668 2069 Cum
713 2032 844 2085 ergo
891 2018 975 2069 est
1021 2034 1210 2070 somno
1258 2021 1542 2071 sevocatus
1582 2018 1793 2072 animus

110 2106 145 2142 a
194 2087 451 2142 societate
501 2090 557 2141 et
606 2107 638 2141 a
686 2089 1008 2159 contagione
1060 2090 1323 2161 corporis,
1379 2094 1498 2145 tum
1548 2092 1795 2146 meminit

109 2161 542 2232 praeteritorum,
579 2162 886 2232 praesentia
916 2164 1102 2233 cernit,
1131 2164 1317 2218 futura
1347 2165 1618 2236 providet3
1655 2165 1795 2221 iacet

111 2235 254 2289 enim
306 2253 500 2306 corpus
554 2234 870 2289 dormientis
923 2240 987 2290 ut
1038 2238 1262 2307 mortui,
1316 2239 1467 2310 viget
1513 2242 1695 2294 autem
1740 2244 1796 2294 et

109 2308 246 2364 vivit
299 2309 525 2364 animus.
602 2307 757 2372 Quod
806 2310 978 2365 multo
1037 2312 1212 2383 magis
1262 2313 1428 2367 faciet
1479 2316 1607 2384 post
1655 2333 1795 2369 mor—

44 2397 87 2431 so
109 2385 243 2453 tem,
294 2401 416 2438 cum
461 2382 679 2437 omnino
727 2401 950 2454 corpore
998 2386 1298 2440 excesserit.
1373 2386 1566 2457 Itaque
1606 2388 1795 2459 adpro-

109 2455 405 2527 pinquante
443 2460 619 2511 morte
651 2457 824 2512 multo
857 2461 940 2512 est
970 2458 1215 2514 divinior.
1268 2460 1413 2515 Nam
1445 2465 1500 2515 et
1530 2461 1586 2515 id
1615 2462 1795 2532 ipsum

110 2530 317 2600 vident,
368 2530 460 2601 qui
514 2533 640 2584 sunt
693 2531 883 2586 morbo
935 2533 1091 2605 gravi
1142 2536 1198 2587 et
1247 2534 1530 2589 mortifero
1583 2536 1795 2607 adfecti,

109 2603 314 2658 instare
355 2607 610 2675 mortem3
654 2604 838 2675 itaque
875 2605 943 2661 iis
984 2611 1270 2662 occurrunt
1308 2609 1626 2679 plerumque
1664 2610 1795 2664 ima-

111 2677 263 2750 gines
301 2681 655 2748 mortuorum,
699 2681 921 2750 tumque
959 2682 1047 2736 vel
1086 2701 1334 2736 maxume
1372 2683 1521 2737 laudi
1559 2684 1795 2755 student,

45 2765 87 2800 ³⁵
111 2769 321 2823 eosque,
371 2751 465 2823 qui
501 2770 653 2807 secus
662 2795 676 2822 ,
717 2771 879 2823 quam
919 2755 1110 2826 decuit,
1148 2756 1411 2826 vixerunt,
1449 2761 1795 2827 peccatorum

110 2843 331 2880 suorum
376 2829 493 2880 tum
540 2845 788 2881 maxume
834 2829 1090 2898 paenitet.
1165 2829 1423 2884 Divinare
1463 2834 1645 2885 autem
1683 2851 1795 2886 mo-

109 2898 309 2954 rientes
346 2899 444 2954 illo
484 2901 650 2955 etiam
689 2903 934 2973 exemplo
959 2904 1245 2957 confirmat
1275 2903 1611 2976 PosidoniuS,
1653 2907 1794 2976 quod

1828 1255 1882 1293 62

1827 2031 1881 2072 63

1827 2845 1879 2884 64
