2002 3178
237 130 344 183 266
946 128 1027 172 DE
1057 127 1213 180 FATO

235 249 434 303 falsum
471 267 581 302 non
618 252 714 319 est,
755 249 845 318 qui
875 251 1057 318 potest
1087 266 1197 301 non
1227 266 1413 301 verum
1443 247 1596 302 esse?
1634 245 1905 300 tenebitur

236 325 394 390 iyitur
430 322 505 392 id,
546 322 687 392 quod
725 341 758 376 a
797 320 1099 391 Chrysippo
1139 321 1456 392 defenditur,
1494 339 1708 376 omnem
1745 338 1905 375 enun-

237 396 519 449 tiationem
559 399 653 448 aut
682 413 865 449 veram
897 398 992 448 aut
1020 395 1220 448 falsam
1252 413 1391 465 esse3
1427 395 1569 449 ratio
1599 394 1721 464 ipsa
1748 396 1906 465 coget

238 473 292 523 et
337 487 401 522 ex
439 470 758 523 aeternitate
799 469 1059 538 quaedam
1099 486 1215 521 esse
1253 487 1402 538 vera,
1449 471 1505 522 et
1541 487 1606 522 ea
1639 486 1752 522 non
1787 485 1904 521 esse

237 562 374 596 nexa
418 543 593 596 causis
633 540 864 596 aeternis
905 545 959 595 et
997 562 1029 595 a
1066 541 1167 594 fati
1204 542 1526 596 necessitate
1565 558 1682 595 esse
1718 541 1905 595 libera.
1935 556 1971 589 ⁷5

348 616 429 670 Ac
459 616 591 669 mihi
623 616 836 686 quidem
867 616 1092 684 videtur,
1131 633 1253 669 cum
1284 615 1418 668 duae
1449 614 1749 669 sententiae
1778 614 1906 668 fuis-

239 693 359 743 sent
403 693 645 743 veterum
691 690 1162 759 philosophorum,
1206 708 1314 742 una
1351 707 1558 758 eorum,
1603 687 1695 758 qui
1732 705 1906 742 cense-

237 767 358 816 rent
396 763 576 816 omnia
612 763 693 816 ita
727 762 843 816 fato
880 763 1013 832 fieri,
1049 765 1111 816 ut
1139 761 1195 815 id
1224 762 1398 815 fatum
1429 762 1545 816 vim·
1568 761 1904 816 necessitatis

239 837 486 906 adferret,
523 837 581 890 in
613 854 719 905 qua
750 836 1017 889 sententia
1043 835 1400 905 DemocrituS,
1429 835 1753 904 HeraclituS,
1780 833 1906 888 Em-

236 910 506 980 pedocleS,
544 909 868 962 Aristoteles
906 909 1032 978 fuit,
1079 909 1253 962 altera
1290 927 1495 978 eorum,
1535 909 1729 978 quibus
1765 907 1906 962 vide·
1929 923 1971 955 ιο

237 987 421 1036 rentur
459 983 574 1036 sine
611 984 721 1036 ullo
760 983 875 1036 fato
908 1001 1023 1036 esse
1056 982 1358 1035 animorum
1389 985 1568 1036 motus
1597 980 1904 1049 voluntarii,

241 1056 574 1126 Chrysippus
619 1060 896 1126 tamquam
945 1055 1147 1109 arbiter
1191 1055 1511 1109 honorarius
1556 1054 1790 1108 medium
1833 1053 1903 1107 fe·

238 1131 345 1183 rire
392 1130 648 1199 voluisse,
696 1130 789 1182 sed
835 1129 1072 1199 adplicat
1109 1146 1166 1182 se
1205 1129 1272 1182 ad
1312 1147 1403 1183 eos
1440 1128 1646 1199 potius,
1692 1127 1785 1198 qui
1819 1145 1906 1180 ne-

239 1203 491 1257 cessitate
538 1206 716 1257 motus
756 1203 1058 1256 animorum
1095 1202 1354 1256 liberatos
1391 1202 1606 1271 volunt3
1651 1200 1777 1254 dum
1816 1219 1906 1254 au·

240 1280 349 1346 tem
394 1277 574 1330 verbis
619 1277 793 1330 utitur
839 1276 971 1345 suis,
1017 1275 1286 1328 delabitur
1323 1275 1380 1328 in
1417 1293 1508 1328 eas
1548 1274 1906 1342 difficultates,
1931 1289 1971 1322 1⁵

155 1359 209 1399 40
240 1354 301 1403 ut
338 1350 715 1404 necessitatem
753 1349 854 1402 fati
880 1350 1169 1403 ¹confirmet
1206 1348 1423 1402 invitus.
1486 1347 1668 1418 Atque
1705 1347 1825 1417 hoc,
1860 1346 1904 1400 si

238 1425 428 1494 placet,
460 1424 618 1493 quale
649 1423 722 1476 sit
744 1423 1018 1476 videamus
1042 1423 1098 1475 in
1122 1421 1543 1491 adsensionibuS,
1575 1439 1709 1490 quas
1731 1420 1907 1491 prima

241 1497 482 1550 oratione
512 1496 758 1550 tractavi.
810 1496 920 1549 Eas
952 1495 1094 1548 enim
1124 1498 1333 1548 veteres
1362 1494 1462 1564 illi,
1500 1494 1694 1564 quibus
1726 1493 1907 1548 omnia

238 1571 353 1623 fato
391 1570 507 1623 fieri
544 1570 887 1638 videbantur,
924 1569 978 1621 vi
1017 1568 1156 1622 effici
1194 1571 1248 1621 et
1285 1566 1606 1622 necessitate
1645 1566 1906 1621 dicebant.

241 1643 342 1705 Qui
381 1647 561 1696 autem
601 1644 668 1697 ab
707 1643 775 1696 iis
815 1642 1219 1710 dissentiebant,
1255 1641 1371 1695 fato
1402 1640 1745 1695 adsensiones
1774 1639 1904 1693 libe·
1929 1652 1971 1686 20

240 1718 435 1770 rabant
463 1717 841 1787 negabantque
870 1715 986 1769 fato
1019 1714 1425 1768 adsensionibus
1457 1713 1701 1769 adhibito
1730 1730 1906 1767 neces·

241 1791 457 1843 sitatem
495 1791 563 1844 ab
602 1790 688 1843 his
726 1808 884 1859 posse
921 1789 1206 1856 removeri,
1251 1788 1395 1856 iique
1432 1787 1513 1841 ita
1550 1786 1905 1841 disserebant:

242 1862 331 1916 ‘Si
378 1864 586 1918 omnia
628 1863 766 1916 fato
811 1862 1005 1931 fiunt,
1052 1861 1261 1914 omnia
1297 1861 1468 1913 fiunt
1503 1877 1696 1914 causa
1733 1862 1906 1913 ante.-

241 1937 522 2006 cedente,
572 1940 656 2006 et,
705 1935 759 1989 si
798 1935 1149 2005 adpetit-us,
1198 1934 1319 1986 illa
1357 1933 1572 2003 etiam,
1610 1950 1767 2002 quae
1805 1931 1907 1986 ad·

240 2010 512 2079 petitum
545 2012 922 2079 sequuntur,
953 2026 1103 2079 ergo
1131 2007 1324 2060 etiam
1351 2006 1791 2074 adsensione83
1820 2007 1907 2074 at,
1929 2018 1971 2051 25

242 2083 294 2136 si
326 2101 514 2136 causa
545 2082 871 2153 adpetitus
902 2100 1025 2134 non
1056 2084 1153 2134 est
1183 2080 1311 2133 sita
1340 2080 1412 2133 in>
1433 2079 1642 2148 nobis,
1671 2097 1747 2132 ne
1769 2078 1907 2148 ipse

243 2156 491 2225 quidem
522 2156 849 2226 adpetitus
883 2158 981 2208 est
1009 2155 1074 2207 in
1102 2156 1326 2208 nostra
1354 2155 1708 2223 potestate;
1742 2150 1908 2221 quod

243 2230 295 2282 si
339 2230 433 2282 ita
478 2233 597 2300 est,
640 2247 715 2282 ne
759 2227 880 2281 illa
918 2227 1189 2298 quidem,
1236 2244 1394 2296 quae
1432 2224 1727 2295 adpetitu
1763 2223 1907 2280 effi-

242 2302 518 2372 ciuntur,
572 2305 720 2355 sunt
772 2301 901 2354 sita
952 2301 1017 2353 in
1067 2299 1277 2368 nobis;
1327 2316 1454 2352 non
1502 2300 1651 2352 sunt
1701 2296 1907 2367 igitur

239 2394 440 2444 neque
500 2375 913 2429 adsensiones
972 2391 1174 2442 neque
1228 2371 1516 2425 actiones
1568 2371 1633 2424 in
1683 2372 1907 2423 nostra
1930 2383 1972 2415 80

240 2452 583 2519 potestate.
658 2448 749 2500 Ex
799 2465 919 2516 quo
967 2446 1280 2513 efficitur,
1328 2447 1398 2497 ut
1440 2462 1551 2498 nec
1588 2442 1908 2497 laudatio-

240 2539 348 2574 nes
387 2522 598 2575 iustae
637 2521 769 2574 sint
803 2538 914 2573 nec
943 2518 1459 2588 vituperationes
1490 2535 1603 2571 nec
1631 2516 1906 2570 honores

239 2613 351 2648 nec
391 2592 751 2665 supplicia'.
803 2592 955 2655 Quod
993 2611 1113 2646 cum
1143 2591 1399 2645 vitiosum
1430 2589 1517 2659 sit,
1553 2588 1908 2660 probabiliter

242 2668 483 2720 concludi
512 2670 709 2737 putant
730 2685 839 2720 non
863 2665 1042 2719 omnia
1065 2665 1180 2718 fato
1203 2664 1334 2732 fieri,
1367 2680 1728 2732 quaecumque
1751 2661 1898 2716 fiant.

352 2740 681 2810 Chrysippus
721 2742 902 2792 autem
940 2757 1061 2792 cum
1099 2740 1154 2790 et
1189 2736 1562 2790 necessitatem
1590 2735 1907 2804 ¹inprobaret
1929 2745 1970 2779 3⁵

242 2815 297 2864 et
339 2813 477 2864 nihil
515 2814 680 2865 vellet
720 2812 832 2865 sine
870 2810 1194 2881 praepositis
1233 2809 1407 2863 causis
1446 2807 1681 2874 evenire,
1725 2824 1907 2860 causa-

242 2903 359 2937 rum
399 2903 596 2955 genera
634 2885 937 2955 distinguit,
982 2887 1044 2936 ut
1082 2886 1138 2936 et
1173 2882 1551 2936 necessitatem
1590 2879 1815 2949 effugiat
1851 2881 1907 2932 et

156 585 218 636 17

152 649 205 689 39

159 2786 208 2825 41
