2002 3178
183 148 291 201 236
718 193 721 195 ,
759 148 840 192 DE
872 148 1274 194 DIVINATIONE

184 271 389 320 autem
441 268 945 321 innumerabiles
997 269 1494 338 praesensiones
1545 289 1669 325 non
1721 271 1851 326 for·

182 340 417 393 tuitae.'
487 341 564 393 At
604 359 709 412 ego
757 341 873 395 dico
911 342 1119 395 nullam
1159 341 1325 412 (vide,
1375 347 1580 412 quanta
1617 345 1690 397 sit
1728 362 1850 399 con·

181 412 489 483 troversia);
537 414 646 467 iam
691 415 1066 484 adsumptione
1103 434 1214 469 non
1250 434 1503 470 concessa
1538 418 1692 472 nulla
1730 436 1851 473 con-

180 487 346 541 clusio
386 490 482 540 est.
541 488 618 540 At
653 487 990 558 impudentes
1031 506 1236 558 sumuS,
1276 489 1382 559 qui,
1420 507 1542 544 cum
1578 494 1695 545 tam
1730 509 1849 562 per-

180 561 421 629 spicuum
458 561 552 630 sit,
597 579 707 615 non
743 562 1109 616 concedamus,
1176 562 1315 625 Quid
1352 566 1436 616 est
1473 564 1848 635 perspicuum?
1872 581 1894 615 5

182 633 410 687 ‘Multa
447 634 638 703 vera',
675 634 874 704 inquit,
914 635 1240 689 ‘evadere'
1302 634 1456 707 Quid,
1494 638 1637 707 quod
1674 639 1848 692 multo

178 708 336 777 plura
377 707 553 760 falsa?
615 707 807 761 Nonne
852 710 972 778 ipsa
1015 709 1273 780 varietaS,
1321 728 1457 779 quae
1502 714 1586 764 est
1628 712 1851 783 propria

178 781 445 849 fortunae,
497 781 772 835 fortunam
826 800 942 835 esse
989 800 1228 852 causam,
1279 801 1391 837 non
1432 787 1684 838 naturam
1733 803 1848 839 esse

180 854 367 907 docet?
428 853 655 924 Deinde,
694 855 741 908 si
778 858 873 908 tua
910 855 1016 908 ista
1055 856 1349 926 conclusio,
1395 855 1676 929 Cratippe,
1720 877 1849 913 vera

179 930 261 980 est
307 927 507 998 (tecum
553 927 694 981 enim
739 928 873 981 mihi
910 947 995 981 res
1036 928 1164 1001 est),
1207 948 1318 983 non
1353 930 1624 1002 intellegis
1663 932 1847 985 eadem
1870 948 1916 982 ιο

178 1000 257 1054 uti
294 1019 454 1070 posse
493 1004 547 1054 et
584 1001 896 1072 haruspices
935 1005 990 1055 et
1027 1002 1393 1073 fulguratores
1432 1007 1488 1057 et
1525 1005 1845 1075 interpretes

178 1077 513 1128 ostentorum
567 1078 621 1128 et
671 1093 901 1145 augures
955 1078 1010 1129 et
1063 1077 1350 1147 sortilegos
1406 1080 1461 1130 et
1508 1075 1845 1133 Chaldaeos?

179 1166 403 1216 quorum
436 1165 691 1217 generum
721 1149 931 1201 nullum
964 1151 1060 1216 est,
1093 1167 1157 1202 ex
1189 1168 1293 1218 quo
1324 1168 1434 1203 non
1457 1151 1675 1221 aliquid,
1706 1151 1845 1206 sicut

175 1221 508 1291 praedictum
560 1221 654 1291 sit,
709 1222 952 1274 evaserit.
1028 1222 1176 1293 Ergo
1232 1226 1327 1275 aut
1375 1241 1439 1277 ea
1494 1242 1705 1294 quoque
1759 1242 1846 1296 ge-

175 1312 306 1347 nera
343 1294 615 1347 divinandi
646 1299 784 1364 sunt,
825 1313 960 1364 quae
990 1298 1052 1348 tu
1081 1296 1395 1349 rectissume
1425 1297 1696 1368 inprobas„
1735 1301 1844 1367 aut,
1870 1312 1910 1346 1⁵

177 1368 221 1420 si
261 1385 324 1420 ea
355 1386 464 1420 non
495 1371 634 1437 sunt,
671 1386 780 1421 non
810 1368 1083 1439 intellego,
1122 1388 1215 1422 cur
1245 1369 1378 1423 haec
1409 1370 1513 1424 duo
1545 1371 1669 1440 sint,
1707 1389 1845 1441 quae

175 1441 447 1510 relinquis
508 1439 625 1503 Qua
662 1459 791 1512 ergo
830 1443 1040 1511 ratione
1078 1442 1210 1496 haec
1246 1443 1452 1496 inducis
1461 1485 1476 1513 ,
1524 1444 1709 1497 eadem
1746 1444 1845 1498 illa

175 1517 403 1582 possunt
441 1532 571 1583 esse,
610 1533 745 1584 quae
782 1515 950 1568 tollis,

89 1564 173 1668 ᾗῇ)
285 1585 423 1649 Quid
460 1605 586 1641 vero
618 1588 783 1641 habet
814 1588 1154 1642 auctoritatis
1184 1588 1335 1643 furor
1364 1590 1484 1659 iste,
1524 1608 1683 1660 quem
1714 1591 1844 1644 divi-

174 1678 303 1713 num
340 1661 567 1729 vocatis,
613 1664 695 1731 ut,
743 1679 879 1730 quae
914 1662 1132 1731 sapiens
1169 1680 1278 1715 non
1315 1662 1625 1732 videat,'ea
1661 1663 1843 1718 videat
1865 1680 1908 1712 20

173 1734 416 1803 insanUS,
463 1737 517 1787 et
554 1733 623 1804 is,
671 1735 763 1803 qui
800 1735 1064 1788 humanos
1103 1753 1291 1788 sensus
1331 1736 1594 1806 amiserit,
1633 1736 1840 1791 divinos

175 1807 455 1860 adsecutus
496 1807 603 1860 sit?
668 1806 906 1877 Sibyllae
944 1826 1129 1861 versus
1169 1810 1532 1878 observamuS,
1571 1828 1706 1879 quos
1744 1810 1842 1864 illa

172 1879 355 1932 furens
393 1880 594 1933 fudisse
634 1881 842 1934 dicitur.
914 1880 1151 1942 Quorum
1189 1882 1454 1951 interpres
1492 1900 1664 1953 nuper
1699 1883 1842 1937 falsa

175 1953 405 2022 quadam
449 1953 728 2007 hominum
765 1954 911 2007 fama
950 1954 1186 2007 dicturus
1225 1954 1282 2007 in
1307 1958 1510 2008 senatu
1547 1956 1841 2025 putabatur

175 2044 316 2095 eum,
362 2044 519 2095 quem
564 2045 622 2080 re
666 2045 794 2080 vera
838 2045 1021 2098 regem
1057 2028 1411 2097 habebamuS,
1458 2029 1838 2099 appellandum
1862 2044 1903 2076 2⁵

175 2117 383 2168 quoque
430 2117 545 2153 esse
589 2118 794 2171 regem,
843 2101 891 2153 si
935 2100 1074 2154 salvi
1120 2119 1235 2154 esse
1281 2102 1555 2155 vellemus.
1629 2101 1748 2156 Hoc
1793 2102 1839 2155 si

174 2175 256 2224 est
304 2173 362 2225 in
410 2172 586 2242 libris,
635 2173 692 2226 in
738 2192 895 2243 quem
939 2173 1213 2227 hominem
1258 2177 1313 2227 et
1349 2174 1407 2228 in
1445 2174 1586 2245 quod
1624 2177 1836 2246 tempus

175 2246 291 2298 est?
345 2246 534 2299 callide
585 2247 749 2315 enim,
803 2247 894 2316 qui
941 2247 1040 2300 illa
1089 2248 1412 2316 composuit,
1465 2248 1710 2318 perfecit,
1761 2252 1838 2318 ut,

174 2318 540 2387 quodcumque
571 2320 865 2388 accidisset,
899 2319 1231 2389 praedictum
1262 2320 1531 2373 videretur
1560 2321 1837 2374 hominum

91 2401 167 2440 111
191 2394 243 2443 et
281 2395 582 2461 temporum
622 2392 930 2446 definitione
969 2393 1199 2446 sublata.
1259 2393 1523 2446 Adhibuit
1560 2394 1725 2447 etiam
1762 2394 1837 2447 la·
1859 2408 1901 2441 ³0

174 2465 383 2517 tebram
429 2465 774 2518 obscuritatis
782 2508 796 2535 ,
849 2469 910 2518 ut
954 2466 1115 2518 iidem
1159 2483 1344 2519 versus
1391 2466 1526 2520 alias
1571 2466 1628 2519 in
1674 2467 1836 2520 aliam

173 2555 285 2589 rem
328 2556 486 2607 posse
525 2538 915 2592 accommodari
952 2538 1271 2591 viderentur.
1339 2539 1466 2592 Non
1502 2557 1617 2592 esse
1655 2543 1836 2593 autem

173 2609 307 2662 illud
346 2629 559 2663 carmen
595 2611 821 2664 furentis
861 2630 981 2665 cum
1018 2612 1195 2681 ipsum
1234 2616 1425 2682 poema
1464 2612 1701 2665 declarat
1729 2610 1836 2684 (est

174 2682 314 2734 enim
360 2684 535 2753 magis
581 2684 713 2737 artis
759 2688 814 2737 et
859 2685 1170 2754 diligentiae
1215 2703 1376 2753 quam
1413 2685 1742 2738 incitationis
1781 2688 1836 2739 et

174 2754 397 2824 motus),
451 2760 568 2809 tum
613 2775 739 2810 vero
785 2775 871 2826 ea,
918 2775 1053 2825 quae
1099 2754 1410 2826 ἄκροστιχίς
1454 2757 1669 2826 dicitur,
1714 2777 1835 2812 cum
1857 2773 1899 2806 ⁸⁵

174 2826 419 2897 deinceps
465 2847 528 2882 ex
573 2830 763 2898 primis
799 2831 966 2898 primi
1010 2831 1246 2897 cuiusque
1282 2848 1467 2883 versus
1505 2830 1704 2883 litteris
1743 2830 1834 2884 ali·

174 2899 297 2966 quid
337 2901 646 2970 conectitur,
684 2906 746 2955 ut
782 2902 840 2955 in
870 2902 1189 2971 quibusdam
1219 2902 1500 2956 Ennianis:
1539 2917 1592 2967 Q.
1623 2917 1834 2957 ENNIUS
