2002 3178
228 164 330 217 148
808 161 888 206 DE
919 160 1320 208 DIVINATIONE

223 281 517 352 disputatio
565 280 667 333 tibi
710 280 840 350 ipsi,
889 282 951 333 ut
985 279 1044 333 in
1081 284 1318 335 extremo
1356 281 1520 335 tertio
1559 281 1772 352 scribis,
1820 282 1888 337 ad

222 357 507 409 veritatem
545 357 629 408 est
666 354 783 406 visa
819 354 1150 423 propensior.
1216 352 1333 423 Sed,
1372 354 1514 424 quod
1549 355 1888 426 praetermis-

224 447 341 482 sum
386 431 469 481 est
513 427 571 480 in
614 426 725 479 illis
771 426 925 479 libris
971 424 1173 497 (credo,
1220 427 1346 496 quia
1382 428 1711 483 commodius
1750 428 1888 482 arbi-

195 505 398 563 ftratus
437 518 493 554 es
533 499 824 570 separatim
862 499 918 552 id
949 499 1133 568 quaeri
1164 499 1331 569 deque
1366 518 1429 554 eo
1461 500 1689 572 disseri),
1717 502 1775 556 id
1805 505 1888 556 est

224 576 286 628 de
325 574 668 642 divinatione,
708 591 843 641 quae
883 575 966 625 est
1004 591 1187 626 earum
1226 592 1418 643 rerum,
1457 592 1593 644 quae
1627 574 1888 629 fortuitae
1931 592 1954 625 ο

222 650 500 719 putantur,
549 646 843 717 praedictio
891 648 1052 715 atque
1099 647 1431 717 praesensio,
1478 647 1556 717 id,
1605 647 1652 700 si
1695 648 1888 718 placet,

221 722 495 775 videamus
545 738 706 789 quam
744 719 946 772 habeat
983 718 1095 773 vim
1133 722 1189 773 et
1228 720 1386 788 quale
1424 720 1511 774 sit.
1585 719 1706 791 Ego
1745 720 1889 775 enim

188 802 192 821 '·
223 795 299 848 sic
338 794 600 862 existimo,
639 792 686 846 si
725 792 835 845 sint
874 810 937 845 ea
971 810 1169 863 genera
1199 792 1472 846 divinandi
1501 810 1644 863 vera,
1682 793 1747 847 de
1778 793 1889 864 qui·

136 1833 186 1872 11

138 2419 186 2458 12

221 869 321 921 bus
355 867 651 936 accepimus
685 883 924 935 quaeque
951 866 1191 935 colimus,
1223 883 1338 920 esse
1362 866 1504 936 deos,
1534 866 1889 937 vicissimque,

223 941 269 994 si
307 940 361 994 di
399 940 523 1009 sint,
562 958 676 993 esse
717 939 808 1008 qui
847 938 1098 992 divinent.
1166 939 1363 994 Arcem
1399 942 1461 992 tu
1498 939 1713 1009 quidem
1749 937 1887 995 Stoi·
1909 958 1954 991 ιο

221 1032 418 1083 corum,
456 1014 692 1082 inquam,
730 1010 937 1081 Quinte,
977 1012 1230 1082 defendis,
1268 1012 1531 1082 siquidem
1563 1013 1673 1068 ista
1701 1013 1779 1068 sic
1808 1031 1887 1067 re-

221 1088 582 1158 ciprocantur,
627 1089 690 1139 ut
735 1088 810 1154 et,
857 1085 904 1138 si
950 1085 1208 1139 divinatio
1248 1086 1342 1155 sit,
1389 1086 1443 1138 di
1481 1085 1591 1140 sint
1627 1089 1704 1157 et,
1748 1086 1797 1141 si
1827 1086 1888 1140 ‚di

221 1162 345 1230 sint,
385 1161 457 1214 sit
488 1158 763 1212 divinatio
824 1156 1061 1219 Quorum
1089 1162 1338 1212 neutrum
1371 1162 1485 1212 tam
1513 1159 1688 1229 facile,
1726 1178 1885 1229 quam

219 1238 281 1288 tu
327 1233 631 1301 arbitrariS,
678 1232 997 1286 conceditur.
1073 1231 1217 1285 Nam
1263 1235 1318 1285 et
1361 1235 1559 1286 natura
1595 1232 1888 1304 significari

218 1307 404 1360 futura
442 1307 556 1360 sine
596 1306 693 1359 deo
733 1308 962 1374 possunt
1000 1307 1069 1374 et,
1107 1308 1168 1358 ut
1200 1305 1309 1358 sint
1341 1305 1409 1375 di,
1445 1308 1629 1375 potest
1658 1306 1790 1377 fieri,
1826 1309 1888 1360 ut
1910 1323 1952 1357 15

220 1381 371 1434 nulla
409 1381 477 1433 ab
515 1379 583 1432 iis
623 1378 881 1431 divinatio
922 1378 1104 1449 generi
1142 1379 1376 1432 humano
1407 1378 1614 1432 tributa
1644 1379 1731 1433 sit.
1791 1378 1887 1434 At-

222 1472 322 1524 que
354 1454 468 1507 ille:
507 1452 643 1505 Mihi
672 1470 815 1520 ver0,
846 1451 1037 1520 inquit,
1070 1451 1203 1505 satis
1236 1455 1320 1505 est
1350 1452 1655 1523 argumenti
1685 1455 1740 1506 et
1770 1470 1886 1507 esse

222 1529 347 1581 deos
381 1530 435 1579 et
467 1544 558 1580 eos
582 1525 857 1579 consulere
880 1526 1039 1578 rebus
1063 1525 1327 1595 humaniS,
1357 1525 1500 1595 quod
1523 1543 1638 1579 esse
1662 1526 1810 1581 clara
1832 1529 1887 1580 et

219 1600 504 1671 perspicua
541 1598 885 1652 divinationis
926 1616 1123 1668 genera
1158 1598 1348 1652 iudicO.
1408 1597 1489 1652 De
1528 1599 1721 1668 quibus
1759 1599 1887 1669 quid

219 1675 335 1745 ipse
374 1673 617 1742 sentiam,
660 1671 707 1724 si
743 1671 935 1742 placet,
975 1690 1254 1741 exponam,
1290 1671 1370 1725 ita
1406 1674 1602 1742 tamen,
1641 1672 1689 1726 si
1725 1691 1885 1727 vacas
1909 1689 1952 1723 80

221 1747 398 1801 animo
437 1764 608 1815 neque
646 1745 813 1798 habes
853 1745 1077 1814 aliquid,
1125 1745 1267 1814 quod
1303 1744 1428 1799 huic
1465 1745 1699 1799 sermoni
1735 1764 1886 1816 prae-

220 1820 533 1875 vertendum
581 1822 752 1889 putes.
834 1817 955 1888 Ego
1005 1836 1156 1887 vere,
1204 1818 1447 1888 inquam,
1495 1818 1886 1889 philosophiae,

221 1894 438 1962 Quinte,
492 1909 702 1962 semper
753 1909 907 1960 vac03
959 1890 1062 1946 hoc
1108 1893 1287 1944 autem
1333 1893 1597 1962 tempore,
1647 1909 1768 1946 cum
1814 1893 1887 1946 sit

219 1967 354 2020 nihil
395 1966 555 2034 aliud,
595 1964 736 2034 quod
773 1964 1020 2018 lubenter
1058 1982 1218 2035 agere
1248 1964 1469 2035 possim,
1506 1965 1678 2019 multo
1710 1965 1885 2037 magis

220 2059 350 2094 aveo
391 2039 587 2107 audire,
626 2038 690 2091 de
729 2037 1055 2091 divinatione
1094 2038 1222 2108 quid
1259 2038 1476 2091 sentias.
1906 2054 1950 2087 85

328 2112 494 2182 Nihil,
532 2111 722 2180 inquit,
761 2111 1006 2180 equidem
1034 2111 1176 2180 novi,
1205 2129 1303 2165 nec
1334 2110 1477 2181 quod
1506 2114 1721 2181 praeter
1750 2114 1885 2166 cete-

220 2205 308 2240 ros
339 2187 455 2257 ipse
487 2185 740 2253 sentiam3
773 2202 900 2237 nam
932 2202 1053 2238 cum
1084 2184 1515 2253 antiquissimam
1547 2184 1884 2255 sententiam,

220 2264 335 2313 tum
374 2259 613 2313 omnium
651 2259 971 2328 populorum
1009 2260 1064 2311 et
1102 2258 1343 2329 gentium
1374 2275 1634 2311 consensu
1664 2275 1885 2328 conpro-

220 2335 404 2387 batam
443 2349 649 2401 sequor.
709 2331 830 2384 Duo
869 2334 995 2384 sunt
1029 2330 1171 2384 enim
1203 2330 1476 2384 divinandi
1507 2348 1718 2401 genera,
1757 2349 1885 2401 quo-

219 2425 339 2459 rum
394 2406 625 2459 alterum
678 2405 812 2458 artis
862 2406 965 2473 est,
1019 2405 1249 2458 alterum
1293 2406 1532 2457 naturae.
1608 2402 1756 2466 Quae
1799 2407 1884 2458 est
1905 2418 1949 2452 ⁸⁰

220 2483 399 2533 autem
446 2497 577 2550 gens
624 2481 718 2531 aut
765 2496 899 2547 quae
945 2477 1157 2547 civitas,
1203 2495 1338 2547 quae
1388 2495 1499 2531 non
1535 2479 1630 2531 aut
1668 2477 1884 2547 extispi-

220 2572 340 2607 cum
379 2555 472 2606 aut
503 2554 746 2605 monstra
785 2554 879 2604 aut
915 2550 1133 2622 fulgora
1168 2549 1640 2620 interpretantium
1671 2552 1766 2604 aut
1795 2568 1883 2604 au-

220 2643 413 2698 gurum
463 2628 558 2680 aut
606 2625 1005 2695 astrologorum
1055 2627 1149 2678 aut
1194 2624 1422 2678 sortium
1467 2621 1556 2694 (ea
1593 2623 1733 2677 enim
1769 2622 1880 2677 fere

219 2699 353 2753 artis
399 2697 548 2771 sImt)
596 2702 690 2751 aut
735 2697 1063 2752 somniorum
1108 2700 1203 2751 aut
1246 2697 1690 2751 vaticinationum
1728 2694 1883 2767 (haec

219 2773 360 2826 enim
399 2772 502 2826 duo
540 2771 812 2825 naturalia
847 2770 1130 2842 putantur)
1168 2771 1532 2842 praedictione
1565 2770 1880 2824 moveatur?
1904 2781 1946 2816 ³⁵

218 2845 455 2908 Quarum
502 2844 712 2914 quidem
760 2863 938 2898 rerum
984 2847 1175 2898 eventa
1218 2843 1393 2915 magis
1441 2843 1676 2897 arbitror
1721 2861 1878 2912 quam

217 2937 404 2973 causas
445 2919 629 2987 quaeri
668 2921 928 2987 oportere.
990 2917 1094 2971 Est
1132 2917 1275 2971 enim
1304 2917 1386 2971 vis
1419 2919 1474 2970 et
1500 2919 1697 2970 natura
1727 2933 1881 2987 quae-
