2002 3178
477 156 589 202 LIB.
622 156 678 203 11.
711 155 838 201 CAP.
873 161 1060 202 60-63.
1093 160 1119 210 ἓ
1152 161 1397 202 125-130.
1677 157 1783 209 243

105 279 200 331 aut
251 276 434 332 omnia
487 275 640 346 deus,
693 275 835 346 quod
887 276 1100 348 negatis
1109 318 1123 346 ,
1179 278 1274 329 aut
1327 275 1508 329 omnia
1551 276 1783 330 natura?

105 351 321 478 quodq?
323 350 504 405 oniam
534 350 671 403 illud
700 351 932 422 negatiS,
963 351 1066 405 1106
1095 350 1397 404 necessario
1423 350 1783 404 confitendum

103 427 188 478 est

102 498 358 553 insistens
407 498 707 570 agitatione
757 502 813 552 et
860 501 1013 552 motu
1064 516 1180 552 esse
1226 516 1425 552 vacuus
1464 500 1662 568 potest.
1729 497 1784 552 Is

59 590 80 625 ο
103 591 224 627 611111
269 572 532 645 languore
573 571 814 644 corporis
851 590 950 626 nec
988 572 1243 626 membris
1281 572 1364 625 uti
1401 591 1498 626 nec
1537 572 1784 625 sensibus

102 649 300 718 potest,
336 646 526 702 incidit
561 646 620 700 in
657 646 776 700 visa
812 647 965 701 varia
1003 650 1058 701 et
1094 646 1301 700 incerta
1332 664 1396 699 ex
1427 645 1685 717 reliquiiS,
1723 649 1786 700 ut

104 720 184 774 ait
219 720 569 792 Aristoteles,
613 720 1019 774 inhaerentibus
1066 739 1251 775 earum
1289 739 1491 790 rerum,
1538 739 1671 790 quas
1709 721 1786 774 vi-

104 794 282 867 gilans
321 794 552 867 gesserit
591 797 686 849 aut
723 795 1068 867 cogitaverit3
1109 813 1336 865 quarum
1374 794 1784 865 perturbatione

102 869 376 923 mirabiles
399 868 671 923 interdum
695 868 934 922 existunt
958 869 1161 940 species
1187 869 1542 938 somniorum3
1557 887 1714 952 ’quae
1738 868 1785 922 si

41 959 82 993 ιο
103 941 212 996 alia
233 941 390 1012 falsa,
422 942 532 997 alia
554 961 697 1013 vera,
729 961 836 1013 qua
857 946 990 997 nota
1012 943 1462 1012 internoscantur,
1496 942 1631 997 scire
1656 961 1784 996 sane

102 1016 281 1071 velim.
341 1014 410 1075 Si.
435 1017 590 1071 nulla
627 1020 725 1087 est,
764 1017 893 1087 quid
929 1017 1066 1070 istos
1104 1017 1430 1087 interpretes
1466 1016 1784 1070 audiamus?

103 1090 189 1144 sin
219 1091 503 1163 quaepiam
535 1093 633 1161 est,
665 1108 798 1145 aveo
830 1090 1029 1161 audire,
1061 1109 1198 1161 quae
1227 1091 1321 1160 sit3
1353 1090 1447 1144 sed
1469 1090 1784 1144 haerebunt.

102 1163 269 1218 Venit
312 1164 455 1219 enim
499 1164 611 1219 iam
655 1165 714 1217 in
759 1165 1179 1234 contentionem,
1228 1167 1414 1218 utrum
1460 1165 1534 1218 sit
1569 1165 1762 1236 proba-

103 1238 289 1308 bilius,
336 1238 533 1294 deosne
569 1238 878 1292 inmortalis
887 1282 902 1309 ,
946 1257 1129 1293 rerum
1167 1238 1409 1292 omnium
1447 1242 1786 1310 praestantla

41 1330 81 1364 15
105 1313 430 1383 excellentis,
468 1330 787 1368 concursare
825 1314 1016 1367 circum
1054 1312 1295 1367 omnium
1326 1313 1653 1382 mortalium,
1694 1314 1786 1383 qui

102 1385 302 1457 ubique
341 1389 482 1457 sunt,
519 1404 631 1441 non
668 1386 827 1441 modo
866 1387 1053 1457 lectos,
1092 1405 1280 1440 verum
1320 1386 1485 1440 etiam
1525 1388 1785 1458 grabatos

103 1464 179 1531 et,
221 1479 344 1516 cum
382 1463 702 1515 stertentem
741 1461 978 1531 aliquem
1016 1461 1272 1530 viderint,
1312 1461 1523 1515 obicere
1561 1461 1629 1514 iis
1667 1462 1787 1516 visa

104 1535 365 1606 quaedam
394 1538 646 1590 tortuosa
675 1538 730 1589 et
761 1535 1004 1606 obscura,
1037 1553 1173 1605 quae
1203 1534 1289 1588 illi
1321 1534 1564 1588 exterriti
1595 1553 1784 1589 somno

104 1608 172 1662 ad
210 1608 568 1663 coniectorem
599 1627 757 1662 mane
790 1609 1046 1679 deferant,
1087 1628 1157 1663 an
1185 1612 1382 1662 natura
1413 1609 1545 1679 fieri,
1583 1613 1645 1663 ut
1676 1628 1785 1663 mo-

39 1700 82 1733 zo
103 1682 289 1736 biliter
341 1683 554 1737 animus
608 1683 872 1755 agitatus,
927 1683 1070 1753 quod
1114 1682 1350 1754 vigilans
1395 1682 1613 1753 viderit,
1669 1684 1785 1738 dor-

105 1757 275 1811 miens
304 1755 484 1811 videre
516 1756 778 1812 videatur.
832 1757 1031 1811 Utrum
1062 1756 1411 1828 philosophia
1443 1756 1673 1828 dignius,
1706 1776 1786 1811 sa-

105 1848 296 1902 garum
340 1831 725 1903 superstitione
770 1831 879 1885 ista
923 1831 1271 1901 interpretari
1316 1849 1387 1884 an
1429 1832 1785 1901 explicatione

102 1905 365 1959 naturae?
410 1908 493 1975 ut,
532 1905 580 1959 si
616 1905 726 1959 iam
764 1906 881 1959 fieri
919 1905 1096 1977 possit
1133 1923 1263 1958 vera
1300 1904 1609 1960 coniectura
1647 1925 1785 1960 som-

103 1978 338 2049 niorum,
381 1981 566 2033 tamen
611 1978 727 2049 isti,
774 1979 866 2049 (1111
911 1979 1258 2050 profitentur,
1304 1996 1424 2032 eam
1461 1978 1638 2034 facere
1676 1999 1785 2035 non

39 2068 81 2102 25
103 2051 339 2124 possint3
400 2070 464 2107 ex
523 2052 800 2106 levissimo
860 2053 1003 2106 enim
1057 2056 1112 2106 et
1163 2052 1535 2107 indoctissimo
1591 2071 1785 2124 genere

104 2129 371 2193 constant.
432 2124 600 2181 Stoici
639 2130 820 2180 autem
859 2127 941 2180 tui
978 2130 1183 2198 negant
1214 2144 1538 2198 quemquam
1568 2129 1674 2182 nisi
1705 2147 1785 2183 sa-

309 427 524 479 aturam
555 427 737 478 autem
770 443 888 478 eam
921 424 1053 494 dico,
1093 442 1200 494 qua
1229 442 1524 494 numquam
1558 424 1767 478 animus
1788 433 1869 473 128

1737 1239 1747 1249 .
1789 1210 1871 1250 129

103 2200 339 2271 pientem
372 2199 611 2255 divinum
643 2218 758 2254 esse
789 2219 964 2272 posse.
1026 2199 1362 2271 Chrysippus
1395 2201 1608 2271 quidem
1641 2202 1770 2257 divi·
1789 2216 1871 2257 130

103 2274 379 2328 nationem
426 2273 612 2328 definit
649 2274 735 2327 his
774 2274 976 2329 verbis:
1023 2274 1148 2328 vim
1187 2278 1684 2347 cognoscentem
1724 2280 1785 2331 et

103 2347 426 2402 videntem
464 2351 528 2402 et
566 2347 999 2419 explicantem
1038 2348 1247 2420 signa,
1287 2366 1447 2419 quae
1485 2368 1518 2403 a
1549 2349 1645 2403 dis
1678 2350 1785 2405 ho·

39 2421 382 2476 sominibus
437 2422 933 2492 portendantur3
987 2422 1224 2476 officium
1277 2425 1459 2477 autem
1506 2441 1622 2477 esse
1670 2425 1783 2478 eius

103 2513 470 2567 praenoscere,
508 2495 594 2549 dei
624 2513 754 2567 erga
783 2496 1030 2550 homines
1061 2499 1241 2550 mente
1273 2514 1380 2566 qua
1410 2497 1520 2549 sint
1552 2498 1783 2568 quidque

105 2568 424 2640 significent,
463 2586 620 2638 quem
659 2569 727 2622 ad
765 2570 1088 2654 modumque
1127 2588 1191 2623 ea
1227 2574 1582 2640 procurentur
1621 2575 1783 2642 atque

104 2642 399 2714 expientur.
469 2641 724 2712 Idemque
779 2644 1111 2698 somniorum
1164 2643 1548 2698 coniectionem
1598 2645 1783 2699 definit

103 2715 208 2771 1106
252 2715 434 2770 modo:
479 2733 595 2769 esse
639 2715 765 2769 vim
805 2721 1168 2771 cernentem
1207 2720 1270 2770 et
1309 2718 1782 2805 explanantem,

39 2801 82 2837 ⁸⁵
105 2807 264 2860 quae
310 2808 343 2843 a
381 2789 476 2843 dis
513 2789 881 2843 hominibus
921 2790 1384 2873 significentur
1420 2791 1486 2844 in
1525 2795 1781 2848 somnis,

106 2862 242 2926 Quid
290 2863 457 2934 ergo‘?
507 2862 575 2917 ad
620 2862 753 2917 haec
799 2853 1256 2936 mediocri’o'fffis
1268 2865 1372 2918 est
1388 2866 1675 2935 prudentia
1713 2887 1778 2922 an

105 2940 161 2990 et
204 2937 421 3009 ingenio
467 2938 767 3007 praestanti
814 2940 868 2991 et
915 2939 1212 2992 eruditione
1258 2939 1531 3009 perfecta?
1594 2941 1776 2998 Talem

1337 3026 1422 3070 16*
