2002 3178
200 157 303 210 150
715 163 718 167 ’
771 155 850 198 DE
881 152 1284 199 DIVINATIONE

269 275 465 345 Saepe
490 274 680 327 etiam
704 273 1017 343 pertriste
1040 273 1214 326 canit
1238 273 1307 326 de
1331 277 1589 344 pectore
1608 291 1859 328 carmen

266 349 348 401 Et
386 347 721 400 matutinis
762 346 1065 400 acredula
1100 345 1368 400 vocibus
1404 347 1632 418 instat,

269 421 548 474 Vocibus
607 419 815 472 instat
876 421 938 472 et
991 418 1503 483 adsiduasbiacit
1555 437 1663 474 ore
1716 437 1860 490 que-

269 566 419 620 Cum
464 566 734 636 primum
779 560 1029 635 gelidos
1074 582 1253 618 rores
1298 493 1861 620 aurorraelffig'ittit.

268 640 596 708 Fuscaque
644 656 769 693 non
813 656 1152 707 numquam
1197 656 1460 692 cursans
1505 657 1617 709 per
1661 640 1862 694 litora
1906 658 1927 691 ⁵

1497 730 1717 766 cornix

269 785 594 839 Demersit
631 787 822 854 caput
860 786 923 837 et
958 782 1232 837 fluctum
1270 785 1519 839 cervice
1557 786 1816 856 rec-epit.

133 862 165 914 9

115 926 164 966 15
200 889 456 947 Videmus
509 888 642 941 haec
695 886 851 955 signa
901 904 1195 955 numquam
1247 886 1359 939 fere
1405 887 1724 942 mentientia
1766 907 1864 944 nec

197 965 394 1031 tamen,
433 979 526 1015 cur
562 961 642 1013 ita
678 959 790 1029 fiat,
827 958 1082 1012 videmus

270 1049 398 1104 Vos
446 1065 692 1118 quoque
732 1047 917 1117 signa
953 1046 1212 1117 videtis,
1261 1048 1450 1118 aquai
1489 1049 1693 1104 dulcis
1733 1050 1864 1104 alu·

1521 1141 1720 1192 mnae,

273 1196 425 1251 Cum
463 1195 742 1249 clamore
779 1193 1029 1264 paratis
1067 1193 1280 1246 inanis
1318 1194 1584 1248 fundere
1620 1214 1806 1250 voces
1891 1215 1931 1248 ιο

274 1268 697 1337 Absurdoque
736 1285 890 1320 sono
928 1266 1131 1320 fontis
1172 1270 1234 1320 et
1272 1270 1503 1338 stagna
1540 1267 1744 1323 cietiS.

203 1373 331 1436 Quis
372 1374 475 1440 est,
515 1370 607 1440 qui
643 1369 966 1422 ranunculos
1003 1369 1106 1422 hoc
1144 1368 1322 1422 videre
1361 1370 1622 1440 suspicari
1658 1372 1867 1442 possit?

204 1448 296 1501 sed
339 1446 480 1499 inest
518 1444 577 1496 in
613 1442 921 1496 ranunculis
959 1442 1041 1495 vis
1081 1445 1135 1495 et
1171 1446 1368 1496 natura
1407 1443 1669 1512 quaedam
1707 1445 1868 1516 signi-

203 1522 369 1574 ficans
409 1517 613 1587 aliquid
656 1534 752 1586 per
798 1533 854 1568 se
898 1515 1018 1585 ipsa
1057 1515 1190 1568 satis
1229 1518 1399 1585 certa,
1445 1517 1742 1587 cognitioni
1780 1537 1868 1573 au-

203 1598 315 1648 tem
352 1592 630 1646 hominum
669 1589 959 1643 obscurior.
1892 1609 1935 1642 15

275 1679 786 1748 Mollipedesque
817 1678 1011 1730 boves
1043 1679 1412 1747 spectantes
1445 1678 1684 1733 lumina
1707 1680 1871 1734 caeli

276 1753 558 1808 Naribus
597 1749 934 1803 umiferum
972 1750 1201 1803 duxere
1241 1768 1312 1802 ex
1351 1755 1494 1804 aere
1531 1770 1760 1807 sucum.

205 1857 331 1912 Non
369 1872 583 1926 quaero,
621 1871 728 1922 cur,
767 1852 1035 1922 quoniam,
1075 1852 1202 1922 quid
1239 1852 1465 1923 eveniat,
1501 1853 1775 1926 intellego.

279 1945 410 1998 Iam
447 1960 596 1996 vero
637 1958 884 2010 semper
921 1939 1149 1994 viridis
1189 1958 1562 2011 semperque
1599 1945 1872 2012 gravata

278 2017 619 2071 Lentiscus
656 2013 909 2083 triplici
947 2013 1146 2067 solita
1183 2014 1608 2084 grandescere
1645 2015 1782 2072 fetu
1894 2032 1937 2064 20

280 2091 398 2144 Ter
450 2089 669 2158 fruges
721 2087 993 2140 fundens
1046 2087 1175 2140 tria
1218 2089 1510 2158 tempora
1553 2091 1873 2157 monstrat

1489 2161 1726 2215 arandi

120 2265 174 2340 ἵ16
208 2253 290 2306 Ne
335 2252 439 2305 hoc
485 2250 698 2320 quidem
745 2266 966 2318 quaero,
1013 2266 1106 2302 cur
1149 2248 1283 2302 haec
1320 2248 1483 2302 arbor
1518 2267 1626 2302 una
1662 2251 1748 2302 ter
1781 2249 1874 2303 flo-

35 2340 63 2393 Js
122 2341 129 2389 ¹1
209 2328 326 2380 reat
365 2327 458 2378 aut
496 2342 589 2378 cur
627 2322 814 2376 arandi
852 2321 1223 2374 maturitatem
1261 2321 1329 2375 ad
1366 2321 1872 2392 signumfiorisac-

3 2403 28 2435 f
39 2423 51 2438 ε»
210 2398 533 2466 commodet3
562 2397 665 2450 hoc
689 2414 808 2448 sum
832 2397 1131 2463 contentuS,
1163 2395 1320 2464 quod,
1354 2394 1580 2464 etiamsi,
1611 2413 1705 2449 cur
1728 2395 1874 2465 quid·

211 2491 312 2542 que
351 2472 463 2539 fiat,
501 2470 761 2540 ignorem,
801 2467 927 2538 quid
964 2468 1076 2537 fiat,
1113 2468 1387 2538 intellego.
1453 2467 1560 2522 Pro
1600 2468 1747 2521 omni
1777 2467 1874 2540 igi-
1899 2483 1939 2516 2⁵

122 2532 129 2554 ⁸
209 2551 296 2599 tur
342 2544 669 2597 divinatione
706 2542 869 2610 idem,
916 2541 1058 2611 quod
1093 2559 1192 2611 pro
1231 2541 1390 2594 rebus
1428 2541 1518 2611 iis,
1565 2559 1698 2611 quas
1736 2559 1876 2595 com-

132 2621 193 2673 10
212 2616 527 2686 memoravi,
580 2614 928 2685 respondebo.
1003 2613 1141 2676 Quid
1195 2632 1563 2668 scammoneae
1607 2614 1759 2667 radix
1808 2613 1876 2668 ad

210 2690 572 2762 purgandum,
620 2688 747 2758 quid
793 2687 1141 2741 aristolochia
1186 2687 1254 2740 ad
1298 2698 1509 2741 morsus
1547 2687 1874 2757 serpentium

210 2765 399 2836 possit,
439 2780 573 2832 quae
610 2780 807 2815 nomen
845 2779 909 2814 ex
944 2761 1223 2815 inventore
1260 2760 1514 2831 repperit,
1550 2778 1665 2814 rem
1701 2760 1876 2832 ipsam

211 2838 460 2891 inventor
499 2854 563 2888 ex
598 2834 823 2903 somnio,
861 2834 1031 2902 vide0,
1071 2833 1213 2902 quod
1250 2833 1384 2886 satis
1423 2836 1527 2902 est3
1553 2850 1659 2887 «cur
1687 2834 1875 2903 possit,
1898 2848 1942 2880 ³0

211 2910 404 2964 nescio.
480 2906 566 2962 Sic
612 2910 895 2962 ventorum
942 2910 997 2959 et
1040 2906 1295 2959 imbrium
1341 2906 1520 2976 signa,
1573 2924 1708 2975 quae
1754 2906 1877 2972 dixi,
