2002 3178
211 152 319 204 232
792 150 873 195 DE
903 149 1303 195 DIVINATIONE

210 291 331 326 cum
369 274 508 324 esset
547 271 688 339 luna,
725 274 911 324 natam
951 288 1067 323 esse
1106 270 1317 324 dicebat
1352 288 1450 325 nec
1488 271 1600 324 eius
1638 270 1754 325 fata
1790 291 1871 326 ca—

125 354 178 395 99
210 363 334 398 nere
381 344 677 397 dubitabat.
746 343 791 397 Ο
838 344 947 397 vim
992 362 1298 397 maxumam
1344 344 1562 398 erroris!
1619 344 1872 399 Etiamne

210 417 356 470 urbis
393 417 594 470 natalis
633 417 744 470 dies
784 417 851 470 ad
889 418 1000 470 vim
1038 417 1319 472 stellarum
1359 420 1413 470 et
1450 418 1610 471 lunae
1643 418 1872 488 pertine·

210 491 339 544 bat‘?
398 490 506 544 Fac
553 491 610 543 in
654 509 819 560 puero
865 490 1088 559 referre,
1139 509 1203 543 ex
1248 509 1355 560 qua
1400 490 1700 551 adfectione
1737 491 1872 546 caeli

208 564 440 633 primum
486 563 736 634 spiritum
783 563 1014 633 duxerit3
1059 581 1189 616 num
1234 563 1336 618 hoc
1381 563 1439 617 in
1476 564 1646 618 latere
1680 568 1779 622 aut
1810 565 1873 618 in
1915 583 1935 615 ⁵

209 639 506 705 caementO,
552 655 616 690 ex
663 636 854 706 quibus
892 637 1021 689 urbs
1061 637 1250 690 effecta
1287 639 1392 706 est,
1436 637 1616 708 potuit
1653 637 1871 692 valere?

209 708 312 763 Sed
350 710 477 780 quid
512 710 706 780 plura?
745 710 938 764 cotidie
970 709 1303 763 refelluntur.
1361 709 1534 773 Quam
1565 711 1739 765 multa
1768 728 1870 782 ego

207 783 486 853 PompeiO,
524 802 685 853 quam
723 784 896 836 multa
934 781 1152 852 Crasso,
1199 802 1360 853 quam
1396 785 1570 837 multa
1606 784 1730 838 huic
1765 784 1872 855 ipsi

208 855 425 910 Caesari
479 875 511 909 a
558 854 842 909 Chaldaeis
895 856 1039 910 dicta
1082 857 1322 941 memini,
1373 857 1641 913 neminem
1687 875 1871 912 eorum

205 930 310 983 nisi
370 932 663 999 senectute,
725 930 832 982 nisi
890 930 1055 1013 domi,
1120 930 1227 983 nisi
1279 948 1400 984 cum
1454 930 1700 984 claritate
1753 930 1869 984 esse
1894 949 1936 981 ιο

208 1003 547 1057 moriturum!
582 1006 643 1055 ut
673 1002 807 1055 mihi
835 1003 1129 1072 permirum
1158 1003 1403 1056 videatur
1433 1019 1755 1074 quemquam
1786 1022 1870 1058 ex·

208 1079 373 1145 stare,
424 1076 515 1145 qui
564 1076 728 1129 etiam
772 1095 911 1129 nunc
957 1077 1138 1129 credat
1181 1077 1248 1129 iis
1257 1118 1270 1145 ‚
1322 1095 1548 1146 quorum
1595 1077 1871 1148 praedicta

207 1149 400 1203 cotidie
438 1149 617 1202 videat
653 1168 711 1202 re
750 1152 804 1202 et
842 1149 1045 1202 eventis
1083 1149 1272 1202 refelli.

119 1198 204 1301 ‘11080
317 1222 545 1275 Restant
576 1222 678 1276 duo
711 1222 984 1275 divinandi
1016 1240 1227 1292 genera,
1260 1241 1396 1292 quae
1421 1223 1622 1276 habere
1645 1222 1870 1281 dicimur

207 1315 239 1348 a
275 1298 491 1363 natura,
539 1313 649 1348 non
687 1295 754 1348 ab
795 1298 931 1364 arte,
977 1295 1305 1349 vaticinandi
1343 1299 1399 1349 et
1436 1296 1758 1366 somniandi3
1803 1297 1868 1351 de
1891 1313 1932 1347 15

207 1369 420 1437 quibus,
459 1367 675 1436 Quinte,
712 1368 954 1437 inquam,
993 1369 1039 1420 si
1083 1369 1282 1438 placet,
1321 1368 1658 1423 disseramus
1731 1369 1870 1423 Mihi

206 1460 355 1510 vere,
394 1441 583 1511 inquit,
621 1442 820 1511 placet3
859 1441 944 1494 his
984 1441 1138 1510 enim,
1178 1460 1314 1511 quae
1353 1442 1526 1496 adhuc
1564 1442 1867 1513 disputasti,

204 1533 424 1584 prorsus
462 1514 755 1583 adsentior,
795 1518 871 1583 et,
910 1533 1031 1567 vere
1069 1518 1130 1568 ut
1167 1515 1372 1584 loquar,
1412 1533 1736 1585 quamquam
1772 1519 1868 1571 tua

205 1607 289 1640 me
329 1587 501 1640 oratio
541 1588 891 1656 confirmavit,
929 1590 1112 1640 tamen
1141 1588 1305 1641 etiam
1336 1607 1456 1642 mea
1485 1591 1676 1659 sponte
1705 1589 1866 1643 nimis

205 1661 636 1729 superstitiosam
689 1661 752 1714 de
805 1660 1133 1714 divinatione
1187 1659 1488 1716 Stoicorum
1542 1663 1861 1716 sententiam
1889 1679 1932 1712 πο

203 1733 526 1802 iudicabam3
564 1733 696 1788 haec
734 1752 819 1787 me
847 1733 1327 1803 Peripateticorum
1364 1735 1506 1788 ratio
1545 1735 1719 1806 magis
1757 1753 1867 1789 mo-

204 1807 363 1859 vebat
408 1810 463 1859 et
506 1808 702 1860 veteris
740 1807 1055 1860 Dicaearchi
1102 1811 1157 1860 et
1201 1809 1313 1860 eius
1322 1850 1336 1876 ,
1383 1808 1476 1877 qui
1518 1826 1660 1862 nunc
1695 1808 1866 1878 floret,

204 1878 463 1949 Cratippi,
503 1880 594 1948 qui
631 1883 847 1933 censent
885 1898 1000 1932 esse
1038 1880 1095 1932 in
1125 1881 1392 1934 mentibus
1423 1881 1701 1934 hominum
1731 1884 1865 1935 tam-

204 1970 364 2020 quam
403 1953 640 2006 oraclum
679 1953 912 2021 aliquod,
951 1971 1013 2005 ex
1053 1971 1157 2022 quo
1187 1953 1371 2007 futura
1400 1954 1781 2024 praesentiant,
1818 1954 1866 2007 si

203 2028 296 2078 aut
333 2025 512 2078 furore
552 2026 730 2079 divino
769 2026 1022 2079 incitatus
1061 2026 1270 2079 animus
1309 2030 1403 2080 aut
1441 2045 1628 2081 somno
1658 2028 1862 2081 relaxa·
1886 2043 1928 2077 25

201 2101 288 2150 tus
329 2099 503 2151 solute
541 2101 821 2152 moveatur
860 2117 921 2152 ac
952 2099 1132 2152 libere.
1192 2099 1294 2152 His
1326 2101 1390 2153 de
1422 2099 1705 2171 generibus
1737 2100 1864 2170 quid

202 2171 401 2224 sentias
447 2174 502 2225 et
540 2172 732 2241 quibus
771 2190 834 2225 ea
870 2172 1170 2225 rationibus
1208 2173 1468 2242 infirmes,
1514 2172 1696 2227 audire
1734 2191 1863 2266 sane

202 2244 378 2296 velim.

312 2316 457 2400 Quae
503 2336 623 2371 cum
661 2318 754 2370 ille
793 2317 1036 2386 dixisset,
1085 2320 1200 2371 tum
1240 2336 1340 2389 ego
1378 2336 1564 2372 rursus
1602 2319 1756 2388 quasi
1793 2319 1862 2372 ab

203 2389 308 2442 alio
341 2390 602 2459 principio
628 2409 747 2443 sum
771 2409 989 2444 exorsus
1014 2359 1207 2444 dicere.
1246 2390 1299 2444 N
1302 2409 1371 2444 on
1393 2391 1598 2461 ignore,
1628 2391 1861 2461 inquam,
1883 2407 1927 2441 ω

201 2461 409 2530 Quinte,
448 2466 504 2516 te
541 2481 751 2533 semper
789 2463 869 2516 ita
902 2464 1145 2533 sensisse,
1183 2467 1243 2517 ut
1273 2464 1338 2517 de
1369 2465 1559 2518 ceteris
1590 2464 1862 2518 divinandi

202 2536 485 2604 generibus
526 2536 814 2605 dubitares,
851 2536 958 2588 ista
995 2537 1114 2605 du0,
1151 2536 1348 2590 furoris
1386 2540 1442 2590 et
1478 2537 1688 2606 somnii,
1726 2555 1862 2622 quae

201 2626 232 2658 a
262 2608 432 2661 libera
462 2612 639 2662 mente
670 2610 832 2661 fluere
862 2609 1183 2678 viderentur,
1213 2611 1484 2679 probares.
1543 2610 1780 2663 Dicam
1763 2609 1861 2680 1gi-

200 2682 309 2748 tur,
354 2681 417 2733 de
455 2681 575 2733 istis
614 2681 746 2751 ipsis
787 2682 992 2734 duobus
1030 2652 1313 2753 generibus
1351 2682 1484 2734 mihi
1523 2683 1651 2750 quid
1687 2683 1860 2736 videa-

201 2754 308 2820 tur,
347 2752 394 2804 si
431 2754 601 2822 prius,
641 2758 695 2806 et
733 2752 1032 2807 Stoicorum
1071 2755 1339 2809 conclusio
1378 2754 1603 2808 rationis
1643 2758 1697 2808 et
1734 2754 1858 2810 Cra·
1880 2769 1923 2803 ³⁶

201 2823 336 2891 tippi
394 2826 567 2878 nostri
628 2826 754 2894 quid
816 2827 1018 2896 valeat,
1079 2828 1276 2881 videro.
1358 2827 1559 2880 Dixisti
1611 2827 1751 2880 enim
1803 2830 1859 2880 et

201 2893 557 2964 Chrysippum
612 2902 664 2950 et
708 2898 1003 2968 Diogenem
1052 2902 1107 2952 et
1151 2899 1535 2968 Antipatrum
1546 2900 1857 2953 concludere

117 2293 183 2344 49

120 2356 197 2395 101
