2002 3178
230 164 336 217 192
817 162 899 207 DE
929 162 1327 209 DIVINATIONE

226 303 260 338 a
289 286 485 337 natura
515 284 596 337 vis
629 283 803 337 omnis
835 283 1107 337 divinandi
1137 283 1382 354 ratioque
1404 282 1708 354 repetenda..
1751 280 1895 337 Fieri

225 357 393 426 igitur
432 357 612 410 omnia
649 356 765 411 fato
803 357 945 411 ratio
987 356 1133 427 cogit
1169 356 1344 410 fateri.
1402 356 1598 411 Fatum
1629 359 1810 411 autem
1839 355 1896 410 id

227 430 458 499 appelle,
482 430 624 499 quod
641 429 832 484 Graeci
856 429 1207 501 εἱμαρμένην,
1231 430 1288 483 id
1311 433 1395 484 est
1419 431 1659 485 ordinem
1682 429 1895 484 seriem-

227 521 328 572 que
382 521 688 572 causarum,
742 522 862 558 cum
915 522 1107 558 causae
1160 521 1322 558 causa
1371 522 1509 558 nexa
1559 521 1675 558 rem
1726 522 1792 557 ex
1837 521 1894 557 sc

227 576 432 647 gignat.
514 576 596 630 Ea
649 580 733 630 est
786 595 850 630 ex
904 577 1050 631 omni
1100 578 1418 631 aeternitate
1471 577 1640 631 fluens
1692 576 1894 631 veritas
1940 593 1960 626 5

227 650 567 720 sempiterna.
628 649 781 713 Quod
818 669 939 704 cum
976 651 1056 703 ita
1091 651 1177 720 sit,
1214 651 1351 704 nihil
1384 653 1467 705 est
1494 649 1714 720 factum,
1753 650 1895 720 quod

225 741 335 777 non
378 723 620 777 futurum
665 724 851 793 fuerit,
905 724 1194 793 eodemque
1241 724 1399 778 modo
1445 723 1582 777 nihil
1627 727 1711 777 est
1753 723 1895 777 futu-

226 815 369 866 rum,
422 797 570 851 cuius
622 815 733 851 non
784 815 972 851 causas
1025 797 1080 850 id
1131 797 1310 867 ipsum
1364 797 1653 851 efficientes
1701 799 1896 851 natura

148 878 226 918 126
251 870 537 924 contineat.
605 869 689 923 Ex
729 889 833 940 quo
872 870 1223 941 intellegitur,
1260 874 1322 924 ut
1358 870 1532 924 fatum
1571 870 1644 923 sit
1679 888 1790 924 non
1825 869 1896 940 id,

227 944 370 1013 quod
408 944 796 1014 superstitiose,
834 944 927 998 sed
956 944 1025 1013 id,
1065 944 1207 1013 quod
1236 944 1456 1014 physice
1487 943 1696 1013 dicitur,
1734 961 1897 998 causa
1921 961 1964 993 ιο

227 1020 446 1070 aeterna
494 1036 695 1086 rerum,
745 1035 837 1071 cur
883 1020 938 1070 et
985 1035 1068 1087 ea,
1115 1035 1251 1087 quae
1288 1017 1703 1087 praeterierunt,
1750 1016 1896 1071 facta

228 1091 337 1144 sint
375 1094 444 1160 et,
484 1110 619 1160 quae
656 1091 879 1160 instant,
916 1091 1052 1144 fiant
1090 1094 1158 1160 et,
1199 1109 1334 1160 quae
1367 1093 1676 1161 sequuntur,
1713 1089 1898 1144 futura

227 1165 351 1217 sint.
425 1163 513 1218 Ita
556 1165 642 1234 fit,
690 1167 752 1217 ut
799 1168 853 1217 ct
892 1164 1266 1218 observatione
1302 1163 1482 1219 notari
1518 1163 1715 1234 possit,
1761 1182 1897 1233 quae

226 1256 312 1290 res
353 1256 619 1307 quamque
658 1256 875 1291 causam
913 1238 1228 1307 plerumque
1267 1240 1647 1307 consequatur,
1685 1237 1898 1291 etiamsi

226 1329 335 1364 non
381 1329 592 1381 semper
637 1308 786 1382 (nam
830 1311 886 1363 id
933 1311 1145 1380 quidem
1191 1311 1474 1364 adfirmare
1520 1310 1735 1364 difficile
1775 1310 1895 1381 est),
1922 1326 1963 1361 ιε

228 1385 546 1454 easdemque
599 1402 788 1438 causas
840 1384 955 1437 veri
1008 1384 1183 1438 simile
1237 1387 1319 1438 est
1371 1403 1550 1438 rerum
1593 1383 1897 1438 futurarum

228 1458 373 1512 cerni
418 1459 486 1512 ab
533 1458 624 1528 iis,
672 1458 764 1527 qui
805 1460 903 1511 aut
947 1476 1044 1527 per
1088 1457 1325 1512 furorem
1365 1475 1455 1512 eas
1495 1459 1589 1511 aut
1624 1457 1681 1510 in
1721 1457 1897 1527 quiete

228 1532 460 1585 videant.

142 1577 224 1680 {67
337 1605 624 1658 Praeterea
662 1623 781 1659 cum
818 1604 933 1657 fato
973 1604 1154 1657 omnia
1190 1605 1339 1673 fiant,
1377 1604 1432 1657 id
1467 1603 1610 1673 quod
1639 1604 1746 1658 alio
1777 1603 1896 1658 loco

229 1679 561 1748 ostendetur,
608 1678 654 1731 si
693 1678 812 1747 quis
851 1677 1099 1730 mortalis
1137 1678 1312 1747 possit
1350 1695 1487 1746 esse,
1534 1677 1627 1747 qui
1663 1677 1897 1748 conliga·
1921 1693 1964 1726 20

227 1752 431 1806 tionem
470 1770 752 1806 causarum
783 1751 1022 1804 omnium
1051 1751 1343 1820 perspiciat
1375 1750 1570 1820 animo,
1606 1750 1744 1804 nihil
1777 1769 1897 1804 eum

227 1826 469 1896 profecto
514 1825 689 1878 fallat.
765 1823 868 1886 Qui
914 1824 1053 1877 enim
1091 1827 1277 1877 teneat
1315 1842 1502 1877 causas
1541 1842 1720 1877 rerum
1757 1823 1897 1877 futu-

226 1917 431 1968 rarum,
479 1898 621 1951 idem
669 1915 884 1951 necesse
931 1900 1013 1950 est
1058 1897 1238 1951 omnia
1286 1900 1492 1967 teneat,
1542 1914 1677 1966 quae
1714 1896 1898 1950 futura

229 1973 351 2026 sint.
427 1970 580 2033 Quod
625 1989 747 2025 cum
782 1989 939 2024 nemo
977 1970 1152 2024 facere
1190 1970 1296 2023 nisi
1334 1970 1461 2023 deus
1499 1970 1695 2040 possit,
1739 1970 1896 2024 relin—

230 2045 497 2115 quendum
537 2047 619 2098 est
657 2043 878 2112 homini,
916 2046 977 2096 ut
1015 2043 1185 2114 signis
1225 2043 1545 2112 quibusdam
1575 2061 1896 2113 consequen·
1919 2057 1962 2091 25

228 2120 308 2172 tia
354 2117 750 2172 declarantibus
795 2117 980 2170 futura
1023 2117 1368 2186 praesentiat.
1443 2115 1569 2170 Non
1607 2116 1748 2170 enim
1785 2116 1897 2186 illa,

230 2210 364 2262 quae
401 2191 586 2244 futura
624 2194 771 2260 sunt,
818 2190 997 2243 subito
1038 2190 1324 2259 exsistunt,
1369 2190 1462 2243 sed
1500 2192 1583 2242 est
1623 2189 1778 2259 quasi
1813 2208 1896 2243 ru·

230 2265 404 2318 dentis
444 2264 729 2335 explicatio
769 2263 845 2318 sic
875 2263 1142 2317 traductio
1174 2263 1434 2333 temporis
1463 2262 1601 2316 nihil
1630 2263 1758 2317 novi
1788 2262 1896 2316 effi-

229 2339 418 2393 cientis
473 2341 527 2391 et
579 2338 814 2407 primum
868 2336 1097 2405 quidque
1151 2336 1477 2405 replicantis,
1560 2334 1712 2398 Quod
1757 2339 1812 2389 et
1856 2336 1896 2388 ii

229 2412 428 2481 vident,
466 2411 660 2481 quibus
697 2410 962 2464 naturalis
1001 2409 1259 2462 divinatio
1300 2409 1427 2463 data
1465 2412 1562 2477 est,
1600 2411 1654 2461 et
1691 2408 1745 2478 ii,
1783 2408 1895 2478 qui·
1917 2422 1960 2455 30

230 2487 330 2539 bus
377 2502 562 2538 cursus
607 2502 787 2547 rerum
833 2482 1165 2537 observando
1214 2485 1435 2536 notatus
1481 2485 1577 2535 est.
1652 2479 1755 2543 Qui
1793 2481 1896 2534 etsi

230 2576 419 2613 causas
463 2557 610 2627 ipsas
655 2575 765 2611 non
809 2558 1053 2623 cernunt,
1100 2556 1257 2626 signa
1300 2558 1485 2609 tamen
1522 2572 1802 2608 causarum
1840 2557 1896 2608 et

230 2636 387 2685 notas
419 2633 665 2699 cernunt3
703 2629 772 2684 ad
803 2647 935 2699 quas
968 2629 1210 2682 adhibita
1240 2628 1499 2683 memoria
1529 2631 1584 2682 et
1614 2627 1896 2698 diligentia

232 2709 286 2758 ct
324 2704 684 2758 monumentis
724 2702 1060 2773 superiorum
1092 2701 1323 2754 efficitur
1353 2720 1418 2755 ea
1447 2700 1720 2769 divinatiO,
1760 2718 1895 2770 quae

231 2778 522 2831 artificiosa
560 2776 775 2844 dicitur,
814 2778 1083 2843 extorum,
1119 2774 1416 2845 fulgorum,
1455 2775 1791 2828 ostentorum
1829 2773 1896 2826 si-
1917 2787 1957 2820 ³⁵

150 2860 228 2900 128
255 2868 586 2921 gnorumque
625 2848 950 2903 caelestium.
1016 2846 1142 2901 Non
1172 2850 1254 2900 est
1283 2847 1466 2916 igitur,
1503 2849 1565 2900 ut
1593 2845 1894 2900 mirandum

232 2924 303 2976 sit
342 2942 405 2976 ea
442 2922 762 2993 praesentiri
801 2940 834 2975 a
872 2921 1251 2989 divinantibuS,
1290 2938 1424 2988 quae
1461 2937 1726 2988 nusquam
1764 2919 1895 2985 sint3
