2002 3178
652 105 766 150 cAP
814 111 998 151 16-19,
1032 110 1057 160 ξ
1088 110 1277 151 38-43,
1696 103 1805 157 267

124 226 594 282 retineat-fatum.
674 224 1050 280 ‘Causarum
1097 226 1306 295 enim',
1358 227 1558 297 inquit,
1614 224 1808 280 ‘aliae

127 305 276 357 sunt
305 300 635 373 perfectae
668 302 731 354 et
759 300 1184 371 principaleS,
1225 300 1393 354 aliae
1426 301 1807 355 adiuvantes

127 379 190 431 et
219 375 564 447 proximae.
620 373 816 437 Quam
849 376 924 429 ob
956 393 1108 444 rem,
1140 393 1276 428 cum
1301 374 1571 429 dicimus
1597 375 1808 429 omnia

124 450 263 506 fato
312 449 464 504 fieri
513 448 725 504 causis
772 449 1331 518 antecedentibus,
1384 467 1512 503 non
1556 449 1808 503 hocin·

81 523 361 596 btellegi
405 523 723 578 volumus:
769 523 983 577 causis
1031 522 1344 593 perfectis
1384 526 1447 576 et
1483 523 1808 594 principa-

126 598 322 667 libus,
374 596 484 652 sed
536 597 754 651 causis>
805 597 1272 651 adiuvantibus
1322 598 1806 664 [antecedentibus]

127 675 191 726 et
227 670 584 743 proximis'.
651 670 844 741 Itaque
881 671 966 724 illi
1005 671 1228 741 rationi,
1276 690 1440 741 quam
1478 672 1642 742 paulo
1683 674 1809 724 ante

126 745 378 816 conclusi,
416 745 494 800 sic
532 745 785 800 occurrit:
831 745 880 799 si
918 746 1101 800 omnia
1136 745 1253 799 fato
1292 746 1442 815 fiant,
1482 745 1635 815 sequi
1672 745 1810 798 illud

128 820 359 892 quidem,
396 822 460 874 ut
497 819 679 874 omnia
716 819 893 874 causis
932 820 1067 872 fiant
1105 788 1444 890 antepositis:
1483 838 1671 874 verum
1701 838 1809 873 non

62 909 104 942 ιο
125 893 517 979 principalibus
564 893 741 948 causis
781 896 836 947 et
872 893 1150 964 perfectis,
1202 893 1295 948 sed
1335 894 1716 948 adiuvantibus
1756 897 1811 947 et

126 967 402 1040 proximis.
462 966 610 1030 Quae
649 967 697 1021 si
734 967 884 1038 ipsae
914 986 1024 1021 non
1055 971 1182 1022 sunt
1212 967 1270 1021 in
1299 971 1491 1022 nostra
1519 971 1810 1052 potestate,

126 1060 236 1096 non
279 1041 544 1112 sequitur,
588 1044 650 1095 ut
695 1060 763 1095 ne
812 1041 1086 1112 adpetitus
1139 1041 1357 1112 quidem
1407 1042 1480 1096 sit
1527 1042 1584 1095 in
1622 1046 1812 1096 nostra

127 1118 415 1188 potestate.
491 1115 569 1169 At
613 1115 718 1170 1100
763 1119 1100 1186 sequeretur,
1147 1116 1195 1170 si
1242 1116 1425 1170 omnia
1461 1115 1717 1186 perfectis
1757 1119 1810 1169 et

127 1189 517 1261 principalibus
556 1189 731 1243 causis
769 1190 888 1243 fieri
926 1190 1243 1259 diceremuS,
1283 1194 1359 1260 ut,
1399 1209 1520 1245 cum
1559 1209 1651 1244 eae
1692 1209 1810 1244 cau—

63 1278 106 1312 15
130 1282 221 1318 sae
271 1281 384 1318 non
428 1266 609 1317 essent
653 1263 712 1316 in
756 1267 947 1318 nostra
992 1267 1288 1334 potestate,
1341 1283 1408 1318 ne
1454 1263 1548 1317 ille
1597 1264 1811 1334 quidem

128 1340 272 1392 esset
307 1337 366 1391 in
401 1340 592 1392 nostra
627 1340 917 1408 potestate.
986 1337 1160 1400 Quam
1201 1339 1269 1393 ob
1309 1356 1447 1408 rem,
1487 1338 1580 1408 qui
1617 1339 1698 1392 ita
1734 1338 1810 1392 fa-

128 1415 246 1466 tum
293 1411 664 1480 introducunt,
714 1414 775 1465 ut
820 1413 1203 1466 necessitatem
1251 1412 1572 1483 adiungant,
1622 1412 1679 1465 in
1719 1431 1810 1466 eos

127 1485 334 1542 valebit
376 1485 476 1539 illa
513 1485 812 1556 conclusi03
860 1486 953 1556 qui
992 1490 1173 1540 autem
1213 1505 1403 1540 causas
1444 1486 1810 1540 antecedentis

126 1578 237 1614 non
286 1559 465 1613 dicent
511 1559 778 1630 perfectas
823 1578 996 1629 neque
1042 1560 1382 1630 principaliS,
1431 1560 1488 1613 in
1533 1579 1624 1614 eos
1672 1560 1810 1614 nihil

56 1640 106 1681 '20
128 1632 347 1688 valebit.
416 1630 570 1696 Quod
616 1633 759 1686 0111111
806 1633 1053 1687 dicantur
1092 1634 1438 1688 adsensiones
1477 1634 1595 1688 fieri
1634 1634 1810 1689 causis

129 1706 474 1778 antepositis,
517 1705 573 1760 id
618 1707 778 1776 quale
826 1707 919 1776 sit,
964 1708 1125 1762 facile
1172 1727 1204 1762 a
1243 1725 1300 1761 se
1340 1707 1597 1778 explicari
1635 1711 1811 1779 putat.

128 1780 274 1836 Nam
318 1798 646 1865 quamquam
693 1781 939 1835 adsensio
987 1800 1097 1835 non
1142 1782 1318 1852 possit
1363 1782 1481 1835 fieri
1525 1782 1632 1835 nisi
1671 1801 1810 1837 com·

128 1858 280 1911 mota
322 1853 464 1924 viso,
511 1857 718 1925 tamen,
768 1873 889 1909 cum
936 1855 991 1908 id
1037 1856 1211 1909 visum
1252 1856 1555 1926 proximam
1593 1874 1809 1910 eausam

128 1929 352 1999 habeat,
403 1947 514 1983 non
565 1928 942 1999 principalem,
996 1929 1136 1984 hanc
1188 1930 1356 1983 habet
1408 1930 1697 2000 rationem,
1750 1934 1812 1984 ut

63 2017 108 2051 ¹⁶
131 2002 467 2073 Chrysippus
516 2002 657 2071 vult,
708 2021 869 2071 quam
917 2003 1115 2057 dudum
1164 2004 1418 2073 diximus,
1466 2022 1577 2057 non
1614 2007 1676 2057 ut
1713 2004 1812 2058 illa

131 2077 347 2147 quidem
413 2075 532 2129 fieri
598 2076 775 2146 possit
840 2077 993 2130 nulla
1059 2077 1115 2130 vi
1182 2078 1513 2131 extrinsecus
1578 2077 1812 2132 excitata

131 2149 379 2222 (necesse
447 2151 531 2202 est
598 2149 741 2203 enim
811 2150 1185 2204 adsensionem
1252 2151 1369 2204 viso
1440 2150 1808 2225 commoveri).

132 2223 225 2279 sed
273 2223 563 2277 revertitur
616 2223 685 2277 ad
737 2223 1037 2293 cylindrum
1091 2226 1147 2277 et
1199 2224 1267 2277 ad
1320 2225 1594 2278 turbinem
1640 2243 1812 2294 suum,

131 2315 270 2369 quae
329 2297 535 2351 moveri
595 2296 829 2367 incipere
889 2297 996 2350 nisi
1056 2298 1216 2367 pulsa
1267 2316 1378 2352 non
1429 2302 1674 2368 possunt.
1749 2298 1813 2352 Id

66 2386 109 2419 ³0
132 2374 314 2426 autem
367 2389 488 2425 cum
542 2370 758 2440 accidit,
819 2373 1010 2440 suapte
1066 2374 1284 2440 natura,
1347 2372 1490 2442 quod
1552 2376 1812 2443 superest,

132 2447 188 2500 et
240 2444 540 2514 cylindrum
588 2445 737 2499 volvi
782 2448 837 2498 et
883 2444 1089 2498 versari
1133 2445 1405 2499 turbinem
1451 2448 1624 2515 putat.
1703 2445 1813 2500 Ut

131 2516 378 2590 igitur',
437 2518 653 2603 inquit&
697 2518 830 2588 ‘qui
890 2518 1216 2589 protrusit
1270 2519 1652 2589 cylindrum,
1714 2519 1812 2573 de-

133 2592 229 2645 dit
274 2591 330 2644 01
374 2591 765 2662 principium
803 2592 1134 2662 motioniS,
1180 2593 1666 2646 volubilitatem
1708 2613 1813 2648 au-

132 2669 259 2719 tem
310 2683 435 2718 non
488 2665 684 2735 dedit,
741 2666 833 2720 sic
880 2666 1087 2720 visum
1138 2666 1458 2720 obiectum
1504 2667 1813 2737 inprimet

68 2752 110 2786 ³5
133 2738 300 2792 illud
338 2738 589 2808 quidem
628 2743 689 2792 01
727 2740 913 2810 quasi
952 2740 1244 2811 signabit
1282 2740 1347 2793 in
1386 2740 1593 2794 animo
1634 2759 1812 2796 suam

134 2811 431 2882 speciem,
470 2812 579 2865 sed
617 2813 914 2868 adsensio
946 2817 1174 2867 nostra
1205 2814 1330 2867 erit
1360 2814 1425 2867 in
1455 2817 1811 2885 potestate,

133 2904 352 2955 eaque,
413 2903 596 2955 quem
657 2886 732 2940 ad
792 2887 1041 2941 modum
1101 2888 1167 2940 in
1220 2888 1514 2957 cylindro
1568 2888 1809 2943 dictum

1842 1350 1898 1390 42

1835 2423 1899 2475 19

1843 2488 1898 2527 43
