2002 3178
602 139 716 187 ΜΒ.
747 139 805 185 11.
840 138 966 185 CAP.
1003 145 1042 195 1,
1073 145 1114 184 2.
1147 143 1173 193 s
1207 143 1334 185 1—5.
1698 138 1803 191 197

46 283 48 286 ’
125 262 345 332 quintus
384 279 509 317 eum
547 261 725 316 locum
765 260 1058 331 conplexus
1099 261 1196 329 est,
1235 259 1329 329 qui
1366 262 1542 314 totam
1573 259 1809 331 philoso-

121 335 310 408 phiam
349 335 583 398 maxime
620 335 903 404 inlustrat3
950 334 1106 388 docet
1144 333 1286 387 enim
1326 334 1393 388 ad
1432 335 1589 388 beate
1628 334 1810 388 viven-

122 410 251 464 dum
288 409 550 464 virtutem
588 427 646 464 se
684 409 807 480 ipsa
845 426 963 463 esse
1001 410 1327 462 contentam.
1405 406 1610 471 Quibus
1649 409 1809 462 rebus
1842 423 1866 462 3

123 483 283 539 editis
335 485 449 538 tres
496 483 625 537 libri
669 482 897 555 perfecti
946 485 1073 536 sunt
1119 482 1183 535 de
1221 485 1420 536 natura
1465 483 1709 553 deorum,
1753 483 1810 535 in

79 571 101 606 δ
124 557 322 629 quibus
364 557 541 612 omnis
581 557 695 611 eius
735 557 841 612 loci
881 555 1127 627 quaestio
1168 556 1488 610 continetur
1565 555 1711 618 Quae
1749 560 1812 610 ut

122 632 286 704 plane
342 634 487 686 esset
536 631 913 702 cumulateque
950 631 1216 701 perfecta,
1262 630 1326 684 de
1366 630 1697 685 divinatione
1736 631 1812 684 in-

125 705 303 778 gressi
353 723 539 760 sumus
588 705 676 760 his
727 706 882 760 libris
933 705 1191 775 scribere;
1245 704 1462 775 quibuS,
1511 707 1574 758 ut
1624 707 1707 759 est
1755 705 1813 758 in

125 780 322 850 anim0,
361 779 426 834 de
462 779 580 835 fato
619 778 668 834 si
705 779 1123 847 adiunxerimus,
1162 778 1266 833 erit
1299 779 1509 832 abunde
1541 779 1675 833 satis
1707 778 1813 833 fac-

124 857 241 909 tum
289 853 396 908 toti
441 853 567 908 huic
614 854 933 923 quaestioni
1009 853 1191 922 Atque
1239 852 1326 906 his
1366 853 1523 907 libris
1563 854 1814 907 adnume-

63 941 103 975 10
125 926 280 982 randi
329 930 459 982 sunt
505 945 598 982 sex
646 928 710 982 de
755 946 814 982 re
852 927 1093 998 publica,
1141 945 1276 997 quos
1324 930 1443 980 tum
1482 927 1814 998 scripsimuS,

124 1020 246 1056 cum
305 1001 673 1074 gubernacula
728 1001 807 1055 rei
860 1001 1109 1072 publicae
1162 1000 1499 1055 tenebamus
1581 1001 1813 1073 Magnus

122 1076 274 1131 locus
312 1075 796 1147 philosophiaeque
834 1075 1087 1146 proprius
1127 1093 1160 1128 a
1196 1074 1452 1144 Platone,
1499 1074 1814 1146 Aristotele,

125 1149 503 1220 Theophrasto
553 1153 779 1220 totaque
823 1149 1310 1220 Peripateticorum
1359 1150 1570 1203 familia
1617 1153 1814 1204 tracta-

123 1226 215 1278 tus
245 1223 530 1278 uberrime.
591 1222 735 1277 Nam
776 1223 905 1294 quid
943 1241 1044 1294 ego
1085 1223 1149 1277 de
1174 1221 1563 1278 Consolatione
1604 1224 1814 1278 dicam?

63 1310 103 1345 1⁵
126 1316 264 1368 quae
301 1297 437 1352 mihi
475 1297 692 1368 quidem
729 1297 837 1368 ipsi
876 1316 1005 1352 sane
1045 1298 1387 1368 aliquantum
1426 1297 1697 1368 medetur,
1736 1317 1815 1353 ce-

126 1371 260 1426 teris
289 1371 423 1426 item
453 1371 687 1425 multum
718 1371 874 1426 illam
904 1371 1248 1442 profuturam
1279 1375 1428 1441 puto.
1489 1370 1814 1427 Interiectus

126 1448 212 1500 est
256 1445 423 1500 etiam
467 1464 641 1516 nuper
678 1445 818 1499 liber
855 1445 927 1515 is,
975 1463 1136 1530 quem
1175 1445 1244 1499 ad
1280 1448 1530 1499 nostrum
1569 1445 1814 1501 Atticum

127 1519 192 1574 de
238 1522 512 1574 senectute
553 1519 823 1590 misimus3
875 1519 933 1573 in
971 1519 1291 1591 primisque,
1347 1520 1603 1590 quoniam
1642 1521 1815 1606 philo-

127 1593 322 1664 sophia
374 1593 459 1648 vir
503 1593 680 1648 bonus
726 1593 960 1648 efficitur
1005 1597 1061 1647 et
1105 1594 1288 1663 fortis,
1344 1592 1480 1648 Cato
1526 1600 1714 1648 noster
1759 1595 1817 1648 in

63 1680 106 1712 ²⁰
127 1667 323 1722 horum
361 1667 626 1721 librorum
663 1685 888 1721 numero
928 1668 1207 1738 ponendus
1248 1670 1345 1721 est.
1415 1666 1658 1738 Cumque
1696 1667 1817 1723 Ari·
1847 1680 1875 1719 4

128 1741 354 1796 stoteles
401 1740 640 1812 itemque
686 1740 1118 1812 Theophrastus,
1174 1741 1497 1796 excellentes
1544 1742 1648 1796 viri
1694 1762 1816 1797 cum

128 1814 450 1886 subtilitate,
487 1817 606 1869 tum
644 1815 814 1886 copia,
853 1833 976 1870 cum
1014 1815 1364 1886 philosophia
1403 1815 1612 1869 dicendi
1651 1817 1817 1871 etiam

128 1892 419 1960 praecepta
455 1888 846 1959 coniunxerint,
883 1889 1061 1944 nostri
1096 1908 1309 1960 quoque
1342 1890 1570 1944 oratorii
1601 1891 1730 1945 libri
1760 1892 1817 1944 in

130 1963 356 2017 eundem
386 1963 652 2017 librorum
681 1982 966 2017 numerum
993 1962 1259 2018 referendi
1283 1963 1547 2018 videntur.
1594 1963 1682 2019 Ita
1704 1968 1816 2019 tres

65 2048 107 2083 8⁶
130 2039 290 2091 erunt
327 2036 391 2091 de
430 2039 662 2107 oratore,
701 2040 927 2106 quartus
966 2036 1186 2105 BrutuS‚
1226 2037 1447 2107 quintus
1488 2041 1687 2092 orator.

240 2110 434 2165 Adhuc
478 2110 612 2164 haec
658 2113 838 2181 erant3
885 2111 954 2164 ad
999 2111 1210 2180 reliqua
1256 2111 1423 2165 alacri
1461 2112 1817 2167 tendebamus
1850 2117 1885 2171 2

131 2183 311 2238 animo
359 2183 438 2238 sic
483 2184 686 2254 parati,
732 2187 816 2254 ut,
861 2184 969 2237 nisi
1017 2202 1154 2254 quae
1193 2202 1356 2239 causa
1395 2185 1615 2257 gravior
1654 2187 1819 2241 obsti-

131 2257 305 2327 tisset,
342 2257 555 2312 nullum
592 2257 971 2328 philosophiae
1003 2258 1182 2312 locum
1214 2277 1331 2313 esse
1362 2263 1688 2331 pateremur,
1728 2261 1820 2345 qui

131 2349 242 2386 non
286 2330 497 2386 Latinis
547 2331 748 2385 litteris
800 2332 1126 2386 inlustratus
1170 2336 1399 2403 pateret.
1476 2330 1630 2395 Quod
1677 2335 1819 2389 enim

67 2415 110 2450 ⁸⁰
133 2415 328 2459 munus
366 2405 444 2459 rei
482 2405 733 2476 publicae
774 2405 983 2459 adferre
1015 2406 1189 2460 maius
1222 2407 1484 2461 meliusve
1514 2426 1819 2479 possumuS,

135 2496 297 2549 quam
352 2478 399 2532 si
453 2478 706 2533 docemus
760 2482 922 2548 atque
976 2480 1246 2534 erudimus
1300 2481 1672 2535 iuventutem?
1733 2482 1819 2536 his

133 2552 454 2623 praesertim
493 2551 736 2606 moribus
776 2555 939 2623 atque
969 2554 1322 2625 temporibuS,
1362 2555 1558 2625 quibus
1589 2555 1670 2610 ita
1698 2574 1819 2627 pro-

134 2625 292 2697 lapsa
341 2629 446 2696 est,
492 2629 556 2680 ut
602 2625 843 2680 omnium
883 2627 1075 2697 opibus
1113 2628 1434 2682 refrenanda
1474 2631 1637 2698 atque
1676 2634 1820 2684 coet-

134 2699 302 2755 cenda
341 2699 428 2754 sit.
503 2698 619 2754 Nec
657 2718 784 2754 vero
823 2700 878 2753 id
916 2701 1056 2755 effici
1093 2720 1253 2772 posse
1292 2702 1524 2772 confid0,
1571 2703 1713 2772 quod
1751 2722 1819 2758 ne
1851 2715 1877 2755 5

69 2784 112 2820 ³⁵
136 2774 524 2844 postulandum
563 2773 777 2843 quidem
817 2777 915 2844 est,
952 2778 1015 2828 ut
1045 2793 1230 2829 omnes
1262 2775 1630 2831 adulescentes
1662 2795 1719 2831 se
1752 2778 1819 2831 ad

136 2845 270 2902 haec
309 2847 489 2901 studia
520 2851 851 2901 conveiQtant
913 2847 1076 2903 Pauci
1106 2850 1335 2903 utinam!
1377 2868 1603 2920 quorum
1635 2853 1819 2905 tamen

137 2919 195 2973 in
232 2938 291 2974 re
328 2921 548 2991 publica
585 2921 696 2975 late
735 2925 920 2991 patere
958 2923 1161 2993 poterit
1197 2923 1477 2978 industria.
1553 2923 1817 2993 Equidem
