2002 3178
235 152 338 203 194
809 147 890 193 DE
920 146 1320 194 DIVINATIONE

150 281 226 320 131
246 269 414 321 lubre.
474 267 814 320 Democritus
854 270 1034 321 autem
1071 270 1253 320 censet
1290 267 1562 338 sapienter
1597 267 1898 322 instituisse

229 345 451 409 vetereS,
480 344 541 393 ut
569 340 869 394 hostiarum
899 340 1303 394 immolatarum
1332 341 1722 412 inspicerentur
1751 345 1899 412 exta3

231 431 458 483 quorum
502 431 566 466 ex
610 413 801 467 habitu
847 417 1010 483 atque
1056 432 1121 467 ex
1164 414 1343 468 colore
1387 417 1505 468 tum
1541 415 1897 484 salubritatis,

229 491 346 540 tum
389 486 730 556 pestilentiae
775 487 933 557 signa
968 487 1194 558 percipi,
1238 505 1349 541 non
1384 506 1680 558 numquam
1717 488 1897 558 etiam,

231 578 366 628 quae
411 559 484 613 sit
528 559 614 614 vel
659 560 920 614 sterilitas
966 578 1220 632 agrorum
1265 561 1351 614 vel
1395 560 1652 616 fertilitas
1698 562 1896 616 futura.
1936 579 1962 612 t

231 631 376 694 Quae
414 632 463 686 si
491 650 526 686 a
552 636 748 687 natura
775 633 1020 704 profecta
1050 634 1356 688 observatio
1389 637 1550 705 atque
1578 653 1708 689 usus
1735 653 1898 707 agno-

230 706 330 774 vit,
374 707 547 759 multa
591 706 800 760 adferre
843 707 1023 777 potuit
1071 707 1204 777 dies,
1251 726 1386 777 quae
1425 707 1897 763 animadvertendo

228 782 562 849 notarentur,
598 783 660 833 ut
689 779 784 833 ille
813 779 1165 851 Pacuvianus,
1199 781 1292 851 qui
1320 781 1379 835 in
1408 779 1614 852 Chryse
1642 781 1898 853 physicus

229 852 518 922 inducitur,
563 853 782 907 minime
826 857 1078 908 naturam
1118 872 1298 908 rerum
1336 871 1596 926 cognosse
1632 855 1898 909 videatur:

313 959 561 995 ...nam
604 941 723 994 isti
769 939 881 1011 qui
915 942 1206 1012 linguam
1245 942 1456 996 avium
1492 941 1899 1015 intellegunt
1922 960 1964 993 ιο

301 1012 579 1084 Plusque
603 1016 675 1068 ex
699 1014 915 1068 alieno
939 1015 1151 1068 iecore
1176 1015 1438 1086 sapiunt
1461 1033 1646 1086 quam
1670 1018 1742 1070 ex
1764 1034 1900 1088 sun,

301 1085 506 1158 Magis
531 1087 913 1141 audiendum
938 1106 1122 1157 quam
1146 1089 1638 1143 auscultandum
1658 1092 1899 1145 censeo.

229 1173 374 1228 Cur?
413 1192 626 1244 quaeSO,
663 1193 784 1229 cum
820 1175 938 1245 ipse
967 1176 1151 1246 paucis
1183 1176 1519 1247 interpositis
1550 1177 1795 1232 versibus
1825 1179 1899 1232 di-

231 1265 320 1300 cas
359 1247 493 1300 satis
534 1248 824 1302 luculente:

304 1333 625 1404 Quidquid
650 1339 749 1390 est
771 1337 910 1406 hoc,
943 1337 1152 1390 6mnia
1176 1337 1441 1407 animat,
1470 1337 1731 1408 format,
1754 1316 1899 1410 alit,
1922 1355 1964 1389 ιε

1301 1413 1517 1481 auget,
1555 1415 1753 1481 creat,

305 1478 555 1551 Sepelit
606 1482 969 1552 recipitque
1023 1481 1088 1536 1'n
1142 1501 1290 1567 sese·
1333 1483 1545 1574 omnia
1598 1485 1900 1539 omnium·

305 1614 723 1698 indidemque
754 1628 970 1682 eadem
1001 1556 1522 1699 aeqffdeoiiliiriltiiii·
1544 1561 1898 1703 {gigltlsgro

956 1705 1146 1772 atque
1185 1703 1402 1756 eodem
1441 1703 1753 1759 occidunt.

232 1786 372 1850 Quid
409 1791 492 1841 est
529 1788 714 1860 igitur,
752 1808 861 1859 cur,
898 1808 1018 1844 cum
1058 1789 1246 1843 domus
1285 1790 1358 1843 sit
1389 1791 1628 1846 omnium
1655 1811 1778 1863 una,
1815 1811 1898 1847 ea-

234 1879 335 1930 que
366 1862 676 1931 communiS,
707 1881 932 1933 cumque
963 1862 1130 1916 animi
1157 1862 1435 1917 hominum
1467 1882 1677 1935 semper
1697 1865 1898 1920 fuerint

231 1934 503 2004 futurique
542 1935 666 2005 sint,
704 1954 797 1989 cur
833 1935 890 2005 ii,
928 1936 1055 2005 quid
1085 1954 1148 1989 ex
1179 1954 1390 2006 quoque
1421 1937 1646 2008 eveniat,
1684 1942 1740 1993 et
1770 1939 1898 2009 quid
1920 1957 1964 1989 20

234 2025 499 2077 quamque
529 2026 644 2061 rem
675 2008 955 2080 significet,
993 2009 1293 2079 perspicere
1322 2027 1432 2064 non
1460 2011 1708 2081 possint?
1749 2011 1898 2067 Haec

232 2079 414 2149 habui,
451 2081 644 2151 inquit,
684 2082 747 2135 de
785 2082 1113 2136 divinatione
1151 2101 1287 2152 quae
1326 2083 1568 2138 dicerem.

341 2152 498 2208 Nunc
542 2154 639 2208 illa
676 2155 942 2225 testabor,
985 2173 1096 2209 non
1132 2174 1218 2209 me
1255 2156 1544 2228 sortilegos
1580 2176 1753 2228 neque
1790 2176 1896 2230 eos,

235 2226 326 2295 qui
365 2230 618 2296 quaestus
657 2246 818 2281 causa
853 2228 1202 2298 hariolentur,
1238 2247 1306 2283 ne
1342 2230 1754 2299 psychomantia
1784 2231 1896 2301 qui·

235 2299 370 2368 dem,
408 2299 601 2369 quibus
639 2299 872 2370 Appius,
918 2302 1119 2367 amicus
1157 2305 1297 2370 tuuS,
1334 2302 1417 2356 uti
1453 2303 1687 2373 solebat,
1732 2322 1895 2376 agno·
1917 2321 1959 2355 25

234 2390 402 2442 scere3
438 2390 548 2426 non
575 2372 749 2426 habeo
782 2373 1006 2443 denique
1035 2374 1193 2428 nauci
1214 2374 1454 2428 Marsum
1484 2394 1759 2447 augurem,
1786 2387 1895 2432 non

235 2445 450 2499 vicanos
487 2445 812 2516 haruspices,
848 2465 958 2500 non
996 2447 1060 2500 de
1099 2447 1238 2502 circo
1270 2448 1592 2520 astrologos,
1628 2467 1738 2504 non
1766 2449 1894 2504 Isia-

234 2536 323 2571 cos
362 2518 703 2589 coniectores,
739 2537 847 2572 non
877 2519 1197 2590 interpretes
1227 2520 1580 2591 somniorum3
1612 2540 1724 2577 non
1753 2523 1894 2577 enim

236 2595 359 2643 sunt
397 2591 436 2644 ii
474 2595 568 2645 aut
605 2591 829 2645 scientia
868 2595 962 2645 aut
1000 2596 1115 2646 arte
1157 2593 1335 2663 divini,

307 2675 424 2730 Sed
485 2678 934 2747 superstitiosi
995 2684 1178 2733 vates
1230 2678 1746 2767 inpudentesque
1791 2682 1959 2736 ha-so

313 2821 435 2873 Aut
482 2822 727 2876 inertes
780 2827 889 2877 aut
937 2825 1152 2877 insani
1201 2828 1310 2879 aut
1359 2755 1891 2898 quibusneogldstas

1447 2896 1746 2967 imperat,

149 2199 230 2238 132
